3957 6007
1617 625 2037 683 -23—

596 841 786 906 lineis
850 841 989 923 ΑΘ,
1059 839 1182 906 ΘΒ
1237 843 1718 924 comprehenso
1787 841 2083 926 aequalis
2150 849 2251 906 est
2316 859 2611 906 summae
2676 838 3055 921 spatiorum,

598 981 877 1045 quorum
923 961 1197 1027 alterum
1244 961 1434 1028 lineis
1460 960 1607 1043 BA,
1653 959 1794 1042 ΑΘ,
1842 962 2113 1027 alterum
2168 961 2361 1032 lineis
2396 959 2539 1028 ΑΒ.
2588 957 2710 1022 ΒΘ
2756 977 3055 1040 compre-

596 1081 917 1147 henditur.
1009 1081 1140 1148 Sed
1195 1083 1324 1147 iam
1383 1083 2011 1161 demonstrauimuS,
2082 1080 2469 1164 quadratum
2529 1080 2743 1145 lineae
2783 1075 2909 1143 AB
2952 1078 3054 1142 his

599 1201 854 1266 duobus
921 1202 1152 1284 spatiis
1182 1193 1190 1202 ’
1221 1202 1498 1285 aequale
1566 1219 1732 1267 esse.
1846 1201 2015 1283 Ergo
2084 1201 2475 1284 quadratum
2526 1200 2741 1263 lineae
2784 1197 2911 1263 AB
2955 1216 3054 1262 re-

599 1320 882 1386 solutum
935 1329 1037 1386 est
1092 1322 1156 1386 in
1205 1340 1527 1387 summam
1586 1322 2056 1406 quadratorum
2113 1321 2430 1386 linearum
2484 1317 2623 1397 ΑΘ,
2685 1317 2808 1383 ΘΒ
2868 1325 2933 1382 et
2988 1319 3053 1382 in

595 1442 880 1523 spatium
923 1440 1115 1508 lineis
1159 1439 1299 1523 ΑΘ,
1359 1439 1481 1506 ΘΒ
1526 1442 2078 1524 comprehensum
2109 1441 2211 1505 bis
2244 1447 2592 1522 sumptum,
2626 1445 2693 1504 et
2720 1439 2887 1503 haec
2923 1439 3052 1502 duo

595 1559 765 1625 inter
808 1579 881 1626 se
927 1561 1234 1645 aequalia
1279 1568 1447 1628 sunt.
1541 1563 1615 1644 Q.
1664 1582 1726 1629 n.
1775 1581 1832 1628 e.
1881 1562 1939 1628 d.
2772 1633 2781 1671 ι

1157 1763 1234 1828 ψ
1787 1756 1855 1811 -2
2419 1722 2437 1794 Ι

1165 1839 1233 1894 -B
1801 1839 1852 1894 Θ
2382 1838 2438 1892 Α

765 1989 903 2054 Iam
958 1989 1142 2056 finita
1195 1990 1446 2075 analysi
1499 1992 1758 2057 ratione
1814 1990 2181 2074 synthetica
2238 2006 2637 2071 componere
2682 1986 3051 2067 incipimus,

595 2107 885 2174 Dicimus
932 2111 1142 2191 igitur,
1191 2129 1270 2175 ex
1317 2110 1388 2191 ΙΙ,
1438 2116 1474 2176 3
1522 2112 1803 2193 spatium
1851 2109 2108 2176 duabus
2152 2109 2341 2174 lineis
2382 2107 2524 2188 ΒΘ,
2571 2105 2689 2171 ΘΑ
2758 2124 3053 2187 compre·

509 2237 514 2240 ’
594 2229 873 2293 hensum
940 2249 1090 2294 cum
1159 2232 1479 2313 quadrato
1550 2228 1813 2317 [lineae]
1889 2228 2003 2294 ΑΘ
2072 2229 2347 2313 aequale
2414 2245 2563 2293 esse
2622 2228 2836 2308 spatio
2898 2225 3053 2290 dua·

595 2346 720 2412 bus
775 2349 965 2414 lineis
1005 2348 1152 2430 BA,
1207 2349 1329 2415 ΑΘ
1375 2351 1876 2432 comprehenso.
1971 2347 2217 2414 Eodem
2277 2348 2475 2413 modo
2543 2347 2825 2429 spatium
2892 2345 3053 2409 dua-

595 2467 718 2532 bus
782 2467 972 2534 lineis
1025 2468 1163 2551 ΑΘ,
1217 2468 1342 2535 ΘΒ
1393 2471 1942 2552 comprehensum
2010 2489 2161 2534 cum
2224 2468 2543 2552 quadrato
2600 2463 2863 2554 [lineae]
2931 2462 3055 2528 ΒΘ

600 2589 874 2670 aequale
944 2597 1046 2654 est
1113 2591 1325 2672 spatio
1394 2591 1650 2656 duabus
1717 2591 1906 2655 lineis
1972 2588 2128 2669 AB,
2197 2587 2320 2651 ΒΘ
2388 2587 2887 2668 comprehenso
2965 2587 3057 2666 (et

600 2707 922 2790 quadrato
987 2710 1201 2776 lineae
1257 2709 1486 2793 ΒΘ.)*)
1577 2710 1801 2794 Itaque
1848 2710 1976 2774 duo
2026 2708 2347 2793 quadrata
2403 2707 2673 2772 duarum
2733 2705 3053 2769 linearum

597 2827 736 2906 ΑΘ,
783 2827 905 2894 ΘΒ
951 2848 1103 2895 cum
1159 2831 1354 2912 duplo
1411 2831 1626 2912 spatio
1675 2830 1929 2894 duabus
1986 2831 2175 2894 lineis
2220 2826 2358 2909 ΑΘ,
2405 2825 2527 2893 ΘΒ
2573 2825 3053 2908 comprehenso

599 2948 901 3033 aequalia
946 2956 1097 3015 sunt
1142 2949 1399 3016 duobus
1445 2950 1693 3032 spatiiS,
1741 2970 2019 3036 quorum
2066 2948 2339 3016 alterum
2388 2948 2643 3013 duabus
2688 2947 2877 3012 lineis
2907 2945 3053 3024 BA,

598 3070 740 3148 ΑΘ,
807 3070 1082 3135 alterum
1151 3070 1407 3136 duabus
1470 3071 1660 3136 lineis
1715 3070 1858 3147 AB,
1923 3070 2041 3135 ΒΘ
2108 3070 2701 3152 comprehenditur.
2818 3065 3051 3131 Uerum

599 3190 767 3255 haec
824 3189 953 3255 duo
1000 3192 1215 3273 spatia
1271 3193 1627 3256 coniuncta
1673 3211 1752 3256 ex
1800 3191 1871 3271 ΙΙ,
1932 3196 1968 3255 2
2018 3190 2338 3273 quadrato
2383 3190 2596 3255 lineae
2639 3186 2767 3253 AB
2812 3206 3055 3270 aequa-

597 3309 684 3374 lia
740 3316 907 3374 sunt.
1000 3310 1166 3392 Ergo
1225 3331 1482 3377 summa
1541 3312 1816 3376 duorum
1874 3312 2343 3394 quadratorum
2404 3309 2677 3373 duarum
2726 3308 3052 3371 ‘linearum

595 3428 735 3510 ΑΘ,
782 3428 905 3493 ΘΒ
951 3450 1100 3496 cum
1147 3430 1343 3513 duplo
1398 3432 1612 3514 spatio
1672 3431 1927 3497 duabus
1980 3431 2171 3495 lineis
2218 3428 2357 3510 ΑΘ,
2404 3427 2527 3493 ΘΒ
2573 3426 3052 3509 comprehenso

599 3550 892 3633 aequalis
939 3558 1040 3615 est
1084 3551 1404 3635 quadrato
1450 3552 1664 3617 lineae
1710 3550 1850 3617 ΑΒ.
1943 3552 2017 3632 Q.
2067 3571 2126 3615 n.
2177 3569 2233 3616 e.
2282 3548 2444 3635 d.**)

1265 3723 1680 3809 propositio
1727 3722 1786 3789 V
1815 3723 2010 3790 Jlbri
2056 3722 2383 3789 secundi.

769 3877 838 3945 Si
881 3883 1067 3942 recta
1109 3849 1295 3943 linea·
1327 3879 1394 3943 in
1442 3878 1606 3944 duas
1651 3883 1872 3960 partes
1917 3878 2087 3941 inter
2132 3896 2205 3941 se
2250 3876 2561 3960 aequales
2610 3882 2670 3940 et
2716 3894 2941 3939 rursus
2986 3876 3052 3938 in

600 3995 765 4061 duas
825 3996 1208 4080 inaequales
1255 3997 1580 4079 diuiditur,
1639 3999 1920 4080 spatium
1939 4000 1984 4079 1)
2042 3995 2299 4061 duabus
2353 3998 2541 4061 lineis
2598 3994 3053 4079 inaequalibus

601 4116 1149 4199 comprehensum
1206 4137 1337 4183 una
1383 4138 1533 4183 cum
1581 4118 1904 4202 quadrato
1957 4118 2173 4182 lineae
2219 4118 2387 4181 inter
2434 4116 2562 4181 duo
2610 4122 2854 4198 puncta
2894 4116 3052 4180 dua-

597 4255 739 4300 rum
787 4238 1155 4303 sectionum
1201 4238 1458 4320 positae
1505 4238 1781 4323 aequale
1827 4243 1928 4303 est
1973 4239 2296 4322 quadrato
2344 4237 2652 4301 dimidiae
2696 4237 2928 4301 lineae.

769 4356 1440 4440 ExemplificatiO.
1533 4358 1735 4423 Linea
1799 4366 1985 4424 recta
2042 4357 2166 4422 AB
2221 4360 2289 4423 in
2345 4365 2590 4440 puncto
2652 4356 2708 4420 Θ
2764 4357 2831 4420 in
2888 4356 3051 4421 duas

715 4632 766 4701 ⁸)
804 4630 987 4685 Uerba
1021 4635 1076 4685 et
1112 4661 1176 4671 —
1214 4631 1325 4687 ΒΘ
1357 4648 1540 4686 errore
1577 4634 1774 4687 nescio
1811 4648 1922 4702 quo
1960 4630 2150 4685 addita
2182 4634 2328 4685 sunt.

685 4716 766 4787 ”)
803 4716 1062 4777 Porisma
1109 4716 1265 4771 deest
1311 4720 1371 4770 ut
1415 4716 1472 4770 in
1510 4718 1568 4771 P.
1605 4734 1676 4770 m.
1717 4720 1744 4771 1
1783 4722 1838 4771 et
1882 4718 1940 4770 in
1990 4716 2299 4784 fragmento
2344 4716 2463 4769 The
2504 4714 2911 4783 Oxyrhynchus
2956 4731 3050 4783 pa-

803 4803 924 4871 pyri
961 4802 984 4854 1
1017 4818 1071 4870 p.
1109 4804 1192 4855 58.
