3957 6007
1625 595 2043 656 -13-

599 814 722 879 ΘΒ
771 819 804 878 7
853 814 982 879 fiat.
1053 813 1468 880 Manifestum
1518 821 1636 892 est,
1683 813 1828 894 AB,
1878 834 2049 898 quae
2099 818 2179 878 10
2216 814 2319 896 sit,
2366 815 2431 878 in
2465 834 2537 880 se
2568 815 3064 897 multiplicatam

599 935 943 1018 aequalem
992 953 1141 999 esse
1201 953 1518 1014 summae,
1581 953 1753 1018 quae
1800 933 2127 1002 efficiatur
2169 934 2313 1016 ΑΒ,
2376 935 2504 1000 hoc
2553 943 2654 1001 est
2702 939 2799 1015 10,
2857 942 2958 1000 ter
3002 940 3069 1000 et

597 1056 840 1138 septies
887 1055 1344 1136 multiplicata;
1393 1074 1549 1120 nam
1596 1058 1676 1118 10
1716 1071 1768 1124 ><
1812 1061 1890 1120 10
1919 1087 1995 1106 ===
2029 1059 2151 1119 100
2196 1063 2263 1120 et
2307 1059 2345 1120 3
2376 1070 2431 1124 ><
2464 1059 2543 1120 10
2572 1089 2645 1107 a
2676 1059 2776 1136 30,
2828 1059 2861 1118 7
2896 1069 2949 1124 ><
2989 1060 3067 1120 10

602 1207 677 1226 ==
709 1180 806 1254 70,
856 1195 1134 1258 quorum
1179 1193 1439 1240 summa
1485 1182 1586 1240 est
1632 1180 1773 1241 100.
1865 1176 1939 1257 Q.
1988 1195 2051 1242 n.
2102 1194 2157 1241 e.
2208 1175 2266 1242 d.

769 1294 1030 1360 Heron
1112 1295 1346 1360 dixit:
1439 1295 1632 1360 Ratio
1724 1296 1915 1361 huius
1997 1295 2612 1378 exemplificationis
2691 1295 2860 1362 haec
2943 1304 3063 1361 est.

601 1417 872 1482 Rectam
897 1415 1024 1480 AB
1054 1415 1460 1497 propositam
1509 1416 1576 1480 in
1621 1417 1951 1500 quaslibet
1981 1423 2203 1499 partes
2236 1418 2305 1481 in
2336 1423 2583 1498 puncto
2611 1415 2667 1480 61
2693 1417 3062 1482 diuidimus

596 1537 1064 1602 Demonstrare
1098 1536 1418 1616 uolumus»,
1453 1537 1844 1619 quadratum
1875 1534 2154 1624 [rectae]
2180 1535 2307 1601 AB
2338 1536 2614 1621 aequale
2648 1555 2797 1602 esse
2827 1537 3063 1618 spatiO,

598 1656 771 1739 quod
820 1657 1389 1738 comprehendunt
1433 1655 1603 1721 duae
1647 1656 1861 1722 lineae
1894 1655 2039 1738 ΑΒ,
2086 1655 2235 1736 BG,
2285 1656 2513 1721 addito
2558 1658 2773 1738 spatio
2808 1657 3064 1723 duabus

597 1777 796 1842 rectis
841 1775 987 1854 AB,
1033 1775 1152 1842 AG
1200 1776 1700 1858 comprehenso.
1805 1777 1940 1842 Iam
1989 1778 2045 1841 si
2100 1776 2344 1843 lineam
2390 1775 2515 1841 AB
2561 1776 2819 1842 duabus
2874 1778 3064 1843 lineis

597 1898 767 1962 inter
809 1915 882 1962 se
929 1897 1317 1980 aequalibus
1380 1898 1724 1981 aequalem
1781 1898 2005 1963 animo
2064 1896 2463 1977 finxerimuS‚
2528 1896 2713 1964 alteri
2775 1898 3060 1978 diuisae,

597 2017 784 2083 alteri
862 2037 996 2082 non
1075 2019 1356 2096 diuisae,
1438 2015 1642 2106 [dico]
1723 2019 2141 2083 manifestum
2219 2036 2395 2099 esse,
2499 2018 2812 2102 quoniam
2893 2019 3063 2084 duae

593 2139 807 2204 lineae
865 2139 1036 2203 inter
1089 2158 1162 2204 se
1217 2140 1531 2224 aequales
1587 2141 1745 2219 sint,
1819 2139 2136 2221 spatium,
2207 2138 2382 2221 quod
2438 2139 2565 2204 hae
2623 2139 2793 2204 duae
2847 2139 3063 2203 lineae

596 2260 766 2324 inter
830 2277 902 2324 se
971 2260 1284 2342 aequales
1353 2260 1950 2342 comprehendant,
2033 2258 2357 2342 quadrato
2436 2258 2705 2324 alterius
2788 2257 3065 2342 aequale

597 2395 777 2457 esse;
845 2379 931 2442 sit
997 2379 1191 2460 igitur
1256 2382 1580 2464 quadrato
1639 2377 1906 2468 [lineae]
1951 2378 2081 2444 AB
2126 2378 2421 2462 aequale.
2537 2379 2674 2443 Iam
2742 2398 2823 2445 ex
2871 2379 2957 2459 ΙΙ,
3032 2383 3063 2442 1

595 2518 852 2564 summa
900 2500 1176 2565 duorum
1222 2501 1584 2583 spatiorum
1652 2501 1866 2566 lineae
1936 2519 2069 2564 non
2140 2498 2393 2564 diuisae
2461 2506 2527 2563 et
2593 2501 2877 2581 partium
2923 2497 3065 2580 AG,

595 2617 716 2682 ΘΒ
763 2621 1059 2704 aequalis
1120 2627 1220 2686 est
1279 2621 1514 2703 spati0‚
1583 2619 1760 2706 quod
1808 2620 2377 2702 comprehendunt
2433 2619 2610 2684 linea
2670 2639 2805 2684 non
2850 2620 3065 2686 diuisa

595 2746 660 2803 et
724 2739 900 2804 linea
944 2738 1087 2804 ΑΒ.
1179 2741 1259 2805 Et
1323 2741 1715 2826 quadratum
1777 2737 2043 2827 [lineae]
2091 2738 2216 2803 AB
2284 2740 2436 2804 huic
2498 2741 2716 2821 spatio
2784 2741 3062 2823 aequale

596 2866 726 2939 est,
795 2865 865 2924 ut
913 2859 1529 2926 demonstrauimus.
1623 2861 1824 2925 Linea
1870 2866 2092 2925 autem
2152 2878 2285 2924 non
2333 2859 2547 2925 diuisa
2594 2879 2677 2925 ex
2720 2878 2823 2940 eo,
2887 2860 3065 2944 quod

597 2979 1088 3063 descripsimus
1157 2979 1373 3047 lineae
1419 2979 1547 3047 AB
1591 2981 1884 3067 aequalis
1952 2987 2070 3046 est.
2184 2981 2353 3063 Ergo
2413 2981 2541 3047 duo
2590 2981 2823 3064 spana,
2893 2999 3063 3066 quae

595 3102 1161 3184 comprehendunt
1226 3103 1401 3168 linea
1445 3102 1572 3167 AB
1629 3109 1693 3167 et
1759 3110 2040 3185 utraque
2118 3120 2273 3183 pars
2322 3102 2457 3181 AG,
2526 3100 2667 3181 ΘΒ,
2738 3102 3062 3187 quadrato

591 3221 806 3287 lineae
851 3221 977 3288 AB
1022 3222 1328 3306 aequalia
1371 3230 1539 3289 sunt.
1634 3223 1705 3303 Q.
1756 3243 1817 3288 n.
1867 3241 1922 3288 e.
1973 3222 2033 3287 d.

1013 3392 2575 3525 Bq-ss—-ssG—-m

1243 3653 1658 3739 propositio
1703 3654 1824 3722 111
1869 3654 2049 3720 libri
2094 3653 2421 3722 secundi.

763 3824 832 3891 Si
877 3824 1050 3890 linea
1094 3830 1451 3908 utcumque
1497 3827 1562 3890 in
1610 3828 1776 3892 duas
1822 3835 2045 3907 partes
2092 3825 2419 3906 diuiditur,
2467 3826 2751 3907 spatium
2770 3828 2835 3909 1),
2883 3826 3059 3911 quod

594 3950 732 4009 tota
799 3945 973 4010 linea
1041 3951 1106 4009 et
1172 3946 1482 4011 alterutra
1540 3965 1694 4028 pars
1756 3948 1897 4010 eius
1965 3947 2559 4029 comprehendunt,
2629 3947 2905 4030 aequale
2961 3953 3064 4010 est

594 4065 830 4146 spatio,
879 4066 1056 4149 quod
1088 4066 1257 4131 duae
1288 4074 1512 4149 partes
1558 4067 1772 4133 lineae
1805 4067 2390 4149 comprehendunt,
2439 4074 2505 4132 et
2536 4066 2860 4150 quadrato
2890 4064 3060 4131 illius

593 4184 818 4266 partis,

719 4435 3057 4565 oramenafflwwfflastgsstfflvu

1755 4584 3057 4716 Cybfflssffllhbfflss

796 4716 1127 4771 Laterculus
1176 4716 1360 4772 lineae
1407 4718 1464 4770 in
1508 4718 1744 4771 alteram
1781 4722 1995 4785 partem
2033 4719 2438 4788 multiplicatae
2479 4718 2736 4789 aequalis
2772 4723 2859 4774 est
2895 4720 3060 4773 later-

797 4803 922 4857 culo
959 4803 1128 4859 huius
1165 4805 1339 4872 partis
1376 4803 1430 4857 in
1470 4819 1532 4856 se
1571 4802 1975 4871 multiplicatae
2014 4808 2066 4857 et
2104 4804 2333 4858 alterius
2370 4804 2545 4873 partis
2581 4804 2641 4857 in
2677 4805 2927 4859 alteram.
