3957 6007
1645 610 2068 669 ..41-

789 829 1423 896 Demonstratio.
1516 829 1745 912 Spatio
1777 829 1908 894 ΑΕ
1945 829 2271 913 quadrato
2329 831 2715 912 rectangulo
2776 849 2857 894 ex
2903 829 2948 911 I,
3006 832 3089 894 45

618 957 1001 1016 constructo
1033 957 1099 1016 et
1130 950 1453 1016 diametro
1487 947 1629 1014 DU
1658 950 1859 1016 ducta
1894 969 1934 1014 a
1972 949 2231 1014 duobus
2278 951 2539 1031 punctis
2569 949 2651 1030 Β,
2686 949 2743 1014 G
2786 969 2867 1015 ex
2913 949 2959 1031 I,
3008 955 3086 1014 31

621 1070 786 1136 duas
843 1070 1055 1137 lineas
1097 1069 1244 1151 GH,
1299 1069 1426 1136 ΒΘ
1489 1069 1748 1136 duobus
1803 1069 2119 1136 lateribus
2178 1071 2497 1154 quadrati,
2556 1071 2596 1136 i.
2659 1089 2714 1135 e.
2774 1071 3091 1136 lateribus

616 1189 766 1272 DE,
813 1189 960 1272 AU,
1021 1191 1370 1272 parallelas
1425 1192 1727 1255 ducimus
1773 1197 1838 1255 et
1895 1210 2013 1272 per
2058 1197 2306 1273 puncta
2338 1189 2422 1270 K,
2472 1189 2525 1268 Q
2572 1210 2652 1257 ex
2699 1189 2744 1272 1,
2793 1196 2865 1256 31
2922 1193 3089 1257 duas

617 1311 828 1376 lineas
862 1308 1154 1392 MFKN,
1203 1310 1455 1391 wQOZ
1479 1310 1738 1376 duobus
1783 1311 2099 1377 lateribus
2130 1309 2285 1392 AD,
2342 1310 2469 1375 ΠΕ
2507 1312 2872 1393 parallelas.
2951 1313 3088 1378 Iam

617 1450 700 1496 ex
745 1431 1188 1497 delineatione
1235 1437 1462 1496 nostra
1509 1431 1983 1514 propositionis
2016 1431 2091 1512 II,
2138 1435 2182 1496 4
2210 1432 2320 1496 bic
2366 1451 2629 1516 quoque
2675 1433 3089 1498 demonstra-

619 1558 740 1632 tur,
789 1558 1136 1635 utrumque
1182 1551 1467 1633 spatium
1503 1549 1646 1630 BN,
1695 1551 1812 1616 FO
1860 1551 2257 1635 quadratum
2302 1555 2752 1635 rectangulum
2798 1553 3092 1636 aequila-

619 1673 832 1736 terum
887 1691 1055 1738 esse.
1163 1673 1457 1754 Spatium
1517 1677 1736 1737 autem
1789 1671 1915 1736 BN
1969 1672 2362 1755 quadratum
2420 1680 2522 1737 est
2575 1672 2791 1739 lineae
2833 1673 3094 1740 BD·et

620 1794 908 1874 spatium
952 1792 1070 1857 FO
1117 1792 1511 1875 quadratum
1572 1791 1648 1856 li·
2308 1770 2311 1774 ’

619 1932 790 1978 neae
863 1911 1004 1978 BG.
1126 1912 1374 1979 Eodem
1448 1912 1649 1978 modo

623 2034 841 2116 spatia
885 2031 1073 2115 Me,
1137 2033 1280 2097 ΨΗ
1323 2033 1650 2116 quadrata

621 2153 1028 2237 aequilatera
1073 2161 1244 2219 sunt.

770 2273 910 2338 Iam
955 2252 1271 2357 quoniam
1317 2275 1495 2340 linea
1528 2273 1652 2338 GR

619 2394 834 2460 lineae
860 2393 996 2458 BD
1024 2395 1320 2478 aequalis
1346 2403 1464 2475 est,
1500 2413 1653 2477 qua-

620 2516 880 2581 dratum
940 2514 1070 2578 ΒΝ
1147 2516 1471 2599 quadrato
1532 2515 1652 2578 FO

620 2637 898 2719 aequale
957 2637 1095 2701 erit.
1189 2637 1440 2701 Rursus
1487 2654 1652 2718 quo-

619 2757 798 2821 niam
863 2757 1036 2821 latus
1090 2755 1228 2820 ΕΚ
1287 2755 1476 2821 lateri
1522 2753 1654 2818 ΚΒ

619 2876 896 2959 aequale
929 2884 1048 2954 est,
1098 2876 1491 2960 quadratum
1524 2873 1653 2939 GK
2105 2920 2131 2932 -
2898 2902 2989 2992 0²

619 2997 874 3081 utrique
944 2996 1268 3081 quadrato
1314 2995 1461 3076 BN,
1529 2995 1650 3061 EO
1835 2993 1940 3049 ‘E
2054 2982 2101 3031 θ
2150 2994 2209 3079 C
2247 2983 2309 3037 Η

617 3118 894 3201 aequale
940 3117 1081 3183 erit.
1160 3117 1406 3183 Eodem
1445 3117 1644 3182 modo

616 3236 1122 3315 demonstratur,
1170 3239 1456 3319 spatium
1497 3236 1619 3301 KZ
1646 3237 2039 3321 quadratum
2096 3240 2549 3321 rectangulum
2610 3261 2757 3307 esse
2815 3245 3087 3325 singulis

618 3358 955 3440 quadratis
986 3356 1130 3437 GK,
1179 3356 1325 3438 BN,
1373 3358 1492 3422 EO
1537 3358 1835 3442 aequale,
1885 3360 1977 3422 ita
2024 3366 2095 3423 ut
2142 3367 2450 3442 quattuor
2496 3363 2713 3443 spatia
2746 3361 2892 3442 GK,
2940 3363 3085 3445 BN,

613 3476 750 3557 FO,
798 3478 936 3543 KZ
969 3478 1292 3561 quadrata
1339 3478 1723 3561 rectangula
1770 3478 1940 3543 inter
1987 3497 2059 3543 se
2107 3481 2413 3564 aequalia
2460 3482 2607 3548 sint.

789 3598 1115 3678 Quoniam
1185 3600 1380 3679 igitur
1429 3598 1564 3664 ΑΕ
1621 3597 2017 3682 quadratum
2085 3601 2564 3684 aequilaterum
2631 3589 3086 3687 rectanguium

619 3724 737 3799 est,
786 3736 867 3782 ex
914 3718 958 3798 Ι,
1003 3720 1087 3782 43
1145 3719 1702 3800 complementum
1734 3717 1870 3783 ΑΚ
1912 3721 2401 3802 complemento
2436 3721 2572 3787 ΚΕ
2609 3726 2885 3808 aequale
2943 3726 3083 3789 erit.

617 3838 694 3902 Et
738 3840 872 3904 iam
937 3839 1458 3904 demonstratum
1505 3826 1624 3920 est,
1684 3841 2079 3923 quadratum
2110 3840 2241 3905 GK
2283 3843 2607 3926 quadrato
2642 3843 2771 3907 KZ
2809 3848 3085 3929 aequale

618 3978 796 4039 esse3
845 3960 1066 4043 itaque
1112 3960 1498 4043 relinquitur
1543 3961 1825 4041 spatium
1859 3958 1991 4024 AF
2030 3963 2247 4043 spatio
2282 3962 2407 4027 OE
2430 3956 2727 4048 aequale.
2805 3966 2878 4029 Et
2926 3986 3085 4049 quo·

617 4082 792 4145 niam
827 4078 968 4145 ΜΘ
999 4081 1391 4163 quadratum
1436 4080 1888 4161 rectangulum
1938 4083 2415 4165 aequilaterum
2464 4091 2582 4163 est,
2632 4085 2813 4149 etad
2844 4094 3085 4151 utram-

617 4219 744 4283 que
791 4208 1043 4283 partem
1092 4200 1391 4266 diametri
1438 4202 1580 4266 eius
1627 4201 1758 4266 duo
1805 4203 2021 4283 spatia
2052 4201 2211 4284 ΜΘ,
2259 4202 2376 4283 Q&
2420 4207 2639 4287 posita
2684 4213 2852 4287 sunt,
2912 4226 2993 4271 ex
3039 4207 3083 4288 1,

613 4323 696 4383 43
745 4321 1296 4403 complementum
1339 4320 1474 4400 ΜΩ
1521 4322 2007 4403 complemento
2052 4321 2167 4401 (ΒΘ
2212 4326 2489 4406 aequale
2546 4333 2661 4391 est.
2756 4327 3085 4407 Quoniam

613 4449 834 4505 autem
866 4442 996 4507 duo
1029 4444 1242 4523 spatia
1275 4440 1416 4521 AF,
1451 4440 1586 4521 ΜΩ
1617 4445 1684 4507 in
1732 4442 2007 4507 basibus
2054 4442 2225 4509 inter
2266 4464 2339 4509 se
2374 4444 2760 4528 aequalibus
2808 4454 2872 4513 et
2917 4450 3087 4513 inter

617 4560 782 4626 duas
849 4563 1060 4627 lineas
1126 4563 1295 4627 inter
1363 4582 1434 4628 se
1493 4563 1839 4643 parallelas
1897 4564 2114 4645 posita
2173 4572 2343 4645 sunt,
2403 4584 2483 4630 ex
2541 4567 2584 4646 Ι,
2648 4572 2727 4631 36
2786 4568 2956 4633 inter
3012 4588 3085 4634 se

613 4679 917 4765 aequalia
963 4690 1130 4747 sunt.
1224 4682 1451 4765 Itaque
1499 4689 1809 4766 quattuor
1855 4684 2071 4764 spatia
2101 4682 2244 4763 AF,
2280 4683 2432 4765 Mo,
2467 4686 2601 4768 (ΒΘ,
2636 4686 2763 4751 ΟΕ
2799 4688 2968 4753 inter
3012 4706 3084 4753 se

615 4803 918 4885 aequalia
963 4808 1133 4868 sunt.
1213 4803 1342 4869 Sed
1391 4804 1523 4869 iam
1569 4805 2193 4885 demonstrauimUS,
2242 4814 2551 4888 quattuor
2583 4808 2907 4892 quadrata
2937 4808 3083 4892 GK,

2710 4966 2743 5017 6
