3957 6007
1635 560 2045 619 ...6,7...

595 783 688 846 ita
733 780 1205 859 abscindimuS,
1253 786 1320 844 ut
1370 779 1482 845 fiat
1525 780 1742 845 lineae
1773 776 1910 843 BD
1956 777 2272 862 aequalia
2365 779 2591 858 Dico,
2652 797 2775 842 nos
2820 777 3063 842 lineam

593 899 720 968 AB
763 902 830 966 in
878 910 1124 985 puncto
1155 901 1222 966 Ε
1260 901 1351 966 ita
1395 900 1723 974 diuisisse,
1770 907 1841 964 ut
1885 899 2173 981 spatium
2220 898 2478 965 duabus
2522 898 2716 964 lineis
2746 896 2892 978 BA,
2938 895 3069 963 ΑΕ

595 1023 1150 1105 comprehensum
1196 1021 1519 1105 quadrato
1565 1020 1780 1086 lineae
1813 1017 1946 1084 ΒΕ
1985 1019 2261 1102 aequale
2307 1019 2409 1083 sit.

765 1262 1424 1329 DemonstratiO.
1516 1262 1924 1343 Quadratum
1984 1260 2198 1326 lineae
2242 1257 2365 1324 ΘΒ
2424 1277 2503 1324 ex
2559 1259 2635 1341 ΙΙ,
2696 1261 2739 1322 4
2784 1259 3062 1341 aequale

593 1391 694 1449 est
739 1401 1037 1449 summae
1085 1383 1362 1447 duorum
1408 1381 1880 1465 quadratorum
1927 1380 2205 1446 duarum
2241 1380 2525 1462 partium
2556 1377 2709 1460 GD,
2743 1377 2880 1444 DB
2912 1399 3063 1444 eum

593 1504 788 1586 duplo
849 1504 1065 1586 spatio
1124 1502 1383 1568 duabus
1441 1502 1632 1567 lineis
1677 1501 1830 1584 GD,
1887 1500 2029 1566 ΗΒ
2088 1501 2589 1583 comprehenso,
2697 1499 2793 1563 Ex
2853 1498 2911 1578 Ι,
2979 1501 3062 1561 46

592 1631 812 1690 autem
869 1624 1263 1707 quadratum
1305 1623 1533 1691 ,lineae
1566 1620 1690 1687 ΟΒ
1733 1623 2012 1707 aequale
2070 1625 2170 1686 est
2231 1639 2527 1687 summae
2576 1620 2854 1685 duorum
2901 1639 3062 1704 qua-

593 1745 930 1811 dratorum
987 1744 1262 1809 duarum
1325 1743 1646 1809 linearum
1686 1741 1827 1824 GA,
1884 1741 2033 1820 AB,
2091 1743 2247 1826 quia
2292 1739 2591 1814 AGAB
2647 1747 2869 1805 rectus
2930 1748 3060 1822 θεῖς

591 1885 850 1930 summa
915 1864 1111 1945 igitur
1176 1864 1454 1929 duorum
1522 1866 1993 1948 quadratorum
2062 1862 2337 1928 duarum
2408 1863 2693 1944 partium
2724 1859 2876 1942 ΘΙ),
2925 1860 3064 1926 DB

593 2003 744 2051 oum
790 1984 988 2067 duplo
1036 1985 1252 2067 spatio
1301 1985 1558 2050 duabus
1602 1983 1791 2049 lineis
1831 1983 1984 2064 GD,
2032 1981 2172 2047 DB
2216 1982 2702 2065 comprehenso
2763 1981 3062 2066 aequalis

591 2113 691 2171 est
758 2123 1057 2171 summae
1123 2106 1403 2171 duorum
1473 2106 1942 2188 quadratorum
2014 2105 2292 2169 duarum
2356 2104 2674 2169 linearum
2719 2100 2859 2182 AG,
2914 2101 3060 2168 AB.

592 2225 830 2291 Uerum
862 2224 993 2291 (Η)
1042 2217 1310 2312 [lineae]
1358 2224 1477 2289 AG
1524 2226 1873 2309 aequalem
1934 2232 1999 2290 et
2043 2223 2177 2288 ΒΕ
2217 2221 2480 2312 [lineae]
2529 2221 2667 2287 BD
2714 2223 3062 2307 aequalem

587 2346 1022 2426 abscidimus;
1049 2349 1272 2429 itaque
1297 2365 1555 2411 summa
1579 2345 1858 2412 duorum
1883 2345 2354 2429 quadratorum
2382 2342 2685 2432 [duarum
2710 2341 3059 2431 linearum]

586 2465 726 2547 AG,
753 2465 886 2531 ΒΕ
911 2485 1062 2531 cum
1094 2466 1291 2547 duplo
1325 2467 1540 2548 spatio
1577 2467 1835 2532 duabus
1867 2465 2059 2531 lineis
2090 2462 2230 2547 AG,
2262 2463 2397 2528 ΒΕ
2420 2464 2904 2546 comprehenso
2952 2484 3061 2530 ae-

588 2587 799 2670 qualis
829 2595 930 2652 est
959 2606 1258 2653 summae
1291 2587 1566 2653 duorum
1592 2587 2063 2671 quadratorum
2097 2587 2370 2652 duarum
2403 2587 2727 2651 linearum
2749 2582 2889 2665 GA,
2915 2583 3057 2650 AB.

587 2708 924 2789 Quadrato
972 2708 1166 2790 igitur
1208 2707 1424 2774 lineae
1455 2706 1596 2788 GA,
1658 2708 1834 2791 quod
1881 2727 2235 2773 commune
2296 2715 2416 2789 est,
2479 2705 2819 2772 subtracto
2864 2706 3059 2770 relin-

588 2829 804 2911 quitur
869 2826 1139 2910 duplum
1206 2828 1488 2909 spatium
1560 2827 1818 2893 duabus
1879 2829 2069 2893 lineis
2115 2826 2254 2909 ΘΑ,
2316 2826 2443 2891 ΕΒ
2503 2827 3059 2908 comprehensum

587 2968 738 3015 oum
786 2949 1108 3033 quadrato
1166 2949 1381 3015 lineae
1411 2947 1537 3013 ΕΒ
1584 2950 1906 3033 quadrato
1964 2949 2182 3014 lineae
2210 2947 2339 3014 AB
2384 2947 2681 3032 aequale.
2774 2947 2852 3013 Et
2898 2966 3061 3032 quo·

586 3071 764 3135 niam
804 3068 933 3135 AB
989 3070 1185 3153 duplo
1246 3070 1456 3135 maior
1516 3077 1616 3135 est
1672 3069 1848 3135 linea
1893 3067 2033 3151 ΟΛ,
2098 3089 2177 3135 ex
2236 3069 2309 3148 ΙΙ,
2379 3074 2401 3131 1
2458 3068 2725 3151 duplum
2772 3069 3058 3151 spatium

585 3190 842 3255 duabus
885 3190 1076 3254 lineis
1107 3189 1246 3271 AG,
1291 3188 1416 3253 ΕΒ
1463 3192 2015 3272 comprehensum
2062 3190 2339 3271 aequale
2387 3196 2489 3255 est
2533 3191 2751 3272 spatio
2798 3189 3058 3257 duabus

582 3311 772 3375 lineis
802 3308 948 3388 AB,
994 3308 1129 3375 ΒΕ
1182 3311 1698 3393 comprehenso;
1770 3312 2051 3393 spatium
2116 3310 2306 3391 igitur
2366 3310 2625 3375 duabus
2680 3310 2871 3375 lineis
2918 3310 3056 3391 AB,

585 3429 717 3494 ΒΕ
754 3431 1308 3513 comprehensum
1367 3451 1517 3496 oum
1579 3431 1902 3515 quadrato
1962 3432 2175 3495 lineae
2220 3425 2355 3494 ΒΕ
2392 3431 2672 3514 aequale
2735 3438 2835 3495 est
2893 3451 3057 3514 qua-

584 3553 771 3615 drato
817 3551 1030 3617 lineae
1060 3550 1206 3616 AB.
1299 3552 1427 3619 Sed
1475 3570 1557 3617 ex
1604 3551 1676 3633 ΙΙ,
1727 3558 1765 3615 2
1812 3571 2070 3617 summa
2118 3551 2401 3617 duorum
2448 3553 2833 3634 spatiorum,
2891 3571 3057 3634 quo-

585 3691 728 3736 rum
787 3672 1065 3737 alterum
1114 3672 1370 3737 duabus
1429 3673 1621 3737 lineis
1663 3671 1807 3751 BA,
1866 3670 2012 3753 ΑΕ,
2071 3672 2233 3737 alte-

583 3811 726 3855 rum
774 3792 1032 3855 duabus
1076 3792 1266 3857 lineis
1297 3792 1443 3873 AB,
1476 3791 1612 3856 ΒΕ
1633 3792 2232 3875 comprehenditur,

581 3910 880 3995 aequalis
948 3918 1048 3975 est
1121 3913 1446 3995 quadrato
1505 3914 1718 3979 lineae
1779 3911 1938 3993 ΑΒ;
2012 3915 2233 3996 itaque

579 4033 864 4114 spatium
932 4033 1190 4098 duabus
1259 4032 1451 4099 lineis
1508 4031 1666 4114 AB,
1737 4032 1871 4097 ΒΕ
1930 4054 2234 4115 compre-

578 4153 858 4218 hensum
926 4174 1078 4219 oum
1147 4154 1469 4237 quadrato
1530 4155 1748 4220 lineae
1781 4153 1916 4219 BE
1952 4154 2232 4237 aequale

577 4279 676 4337 est
724 4274 982 4339 duobus
1031 4276 1280 4357 spatiiS,
1329 4295 1606 4359 quorum
1655 4275 1934 4341 alterum
1975 4275 2235 4340 duabus

577 4394 765 4459 lineis
796 4392 942 4475 AB,
988 4393 1134 4473 ΒΕ,
1194 4398 1471 4462 alterum
1534 4396 1794 4461 duabus
1850 4396 2041 4461 lineis
2088 4394 2235 4476 BA,

575 4514 706 4578 ΑΕ
721 4516 1316 4597 comprehenditur.
1389 4518 1608 4598 Quare
1642 4518 1981 4581 communi
2015 4518 2233 4598 spatio

578 4633 834 4699 duabus
901 4636 1093 4701 lineis
1162 4635 1317 4717 AB,
1388 4635 1522 4702 ΒΕ
1582 4638 2070 4719 comprehenso
2147 4637 2233 4701 ab

577 4761 854 4837 utraque
913 4776 1171 4821 summa
1232 4758 1575 4823 subtracto
1637 4758 2023 4840 relinquitur
2083 4778 2226 4839 spa-

2850 3752 3009 3816 ΨΒ

2482 4224 2609 4275 01>
2955 4260 3065 4316 ‘E

2297 4719 2437 4767 ΦΓ
2886 4722 2969 4789 Α,
