3957 6007
1611 633 2036 695 —71-

761 853 1424 920 DemonstratiO.
1518 853 1846 934 Quoniam
1892 853 2069 919 linea
2100 851 2233 916 ΘΙ)
2279 855 2345 917 in
2392 859 2640 934 puncto
2670 849 2735 915 Β
2780 851 2845 914 in
2893 851 3059 916 duas

589 984 813 1057 partes
869 974 1084 1040 diuisa
1139 981 1265 1054 est,
1333 991 1412 1038 ex
1470 973 1553 1054 ll,
1618 975 1661 1035 4
1717 975 2109 1057 quadratum
2168 973 2383 1038 iineae
2422 970 2554 1036 ΘΙ)
2609 971 2889 1055 aequale
2957 976 3058 1035 est
3122 993 3129 998 ·

595 1113 894 1161 summae
927 1096 1204 1160 duorum
1232 1093 1705 1178 quadratorum
1736 1094 2011 1161 duarum
2039 1095 2320 1176 partium
2346 1089 2502 1172 DB,
2536 1089 2657 1156 ΒΘ
2683 1110 2835 1158 oum
2860 1091 3057 1174 duplo

587 1217 803 1299 spatio
831 1215 1089 1282 duabus
1113 1215 1302 1279 lineis
1321 1213 1476 1297 ΠΒ,
1503 1211 1628 1278 ΒΘ
1653 1216 2156 1296 comprehenso.
2195 1213 2531 1295 Quadrato
2557 1213 2751 1294 igitur
2776 1230 3057 1294 perpen-

588 1337 903 1402 dicularis
933 1334 1068 1402 AD
1102 1337 1438 1400 communi
1484 1342 1745 1419 sumpto
1793 1354 2051 1400 summa
2099 1334 2376 1400 duorum
2424 1333 2896 1418 quadratorum
2944 1333 3053 1398 du-

589 1475 777 1522 orum
845 1456 1126 1522 laterum
1179 1455 1330 1537 GD,
1400 1454 1532 1520 DA
1600 1474 1899 1521 summae
1977 1454 2448 1540 quadratorum
2523 1453 2841 1520 linearum
2912 1451 3054 1536 ΘΒ,

587 1575 744 1658 BD,
812 1575 947 1642 DA
1017 1596 1168 1642 oum
1235 1575 1432 1657 duplo
1495 1577 1710 1658 spatio
1774 1576 2033 1641 duabus
2095 1576 2286 1641 lineis
2337 1573 2481 1654 ΘΒ,
2550 1571 2687 1639 BD
2754 1593 3055 1656 compre-

587 1699 795 1763 henso
831 1697 1128 1781 aequalis
1175 1698 1315 1762 erit.
1406 1696 1535 1763 Sed
1585 1716 1666 1761 ex
1712 1697 1757 1776 1,
1802 1699 1886 1761 46
1934 1715 2193 1762 summa
2249 1696 2527 1761 duorum
2582 1696 3055 1778 quadratorum

588 1818 865 1884 duorum
911 1819 1188 1883 laterum
1221 1815 1373 1898 ΘΙ),
1405 1815 1541 1880 DA
1587 1817 1886 1901 aequalis
1932 1823 2034 1882 est
2081 1817 2403 1900 quadrato
2449 1817 2673 1886 lateris
2702 1815 2845 1895 ΑΘ,
2891 1837 3055 1901 quo-

586 1941 762 2004 niam
811 1949 895 2011 A
929 1937 1000 2002 D
1046 1944 1268 2003 rectus
1328 1945 1460 2018 est3
1530 1944 1596 2002 et
1641 1937 1874 2004 eadem
1943 1937 2200 2002 ratione
2260 1957 2518 2004 summa
2566 1938 2843 2003 duorum
2892 1958 3053 2022 qua-

587 2057 923 2123 dratorum
971 2059 1248 2125 duorum
1293 2058 1570 2124 laterum
1600 2055 1758 2139 BD,
1793 2055 1928 2122 DA
1975 2057 2300 2142 quadrato
2345 2059 2570 2125 lateris
2600 2058 2728 2124 AB
2757 2059 3054 2143 aequalis

589 2188 714 2259 est3
773 2180 994 2264 itaque
1051 2179 1442 2264 quadratum
1498 2179 1721 2244 lateris
1767 2177 1886 2243 ΑΘ
1948 2178 2225 2262 aequale
2286 2186 2386 2245 est
2431 2199 2729 2245 summae
2775 2180 3051 2246 duorum

587 2299 1057 2382 quadratorum
1104 2301 1380 2365 duorum
1434 2300 1710 2364 laterum
1749 2297 1895 2381 AB,
1943 2297 2065 2364 ΒΘ
2114 2318 2265 2364 cum
2320 2299 2519 2383 duplo
2576 2299 2792 2384 spa'tio
2849 2302 3054 2367 latere

587 2417 706 2483 ΒΘ
754 2427 818 2486 et
862 2421 1039 2485 linea
1069 2418 1207 2486 BD
1240 2423 1743 2504 comprehenso,
1814 2420 1985 2503 Ergo
2022 2421 2152 2485 iam
2186 2419 2707 2487 demonstratum
2741 2428 2859 2502 est,
2895 2441 3056 2505 qua-

585 2539 844 2606 dratum
875 2540 1098 2606 lateris
1145 2539 1266 2607 ΑΘ
1299 2561 1557 2607 summa
1604 2542 1883 2608 duorum
1933 2540 2403 2623 quadratorum
2453 2543 2732 2608 duorum
2776 2541 3054 2609 laterum

584 2658 729 2742 AB,
776 2659 899 2726 ΒΘ
945 2663 1158 2728 maius
1205 2681 1354 2728 esse
1415 2662 1611 2746 duplo
1669 2662 1885 2745 spatio
1940 2661 2145 2726 latere
2190 2659 2314 2725 ΘΒ
2359 2670 2423 2726 et
2467 2661 2641 2728 linea
2686 2661 2823 2727 BD
2872 2683 3053 2729 eom-

583 2781 929 2861 prehenso
1022 2783 1097 2864 Q.
1145 2804 1206 2849 n.
1258 2803 1312 2849 e.
1361 2783 1421 2848 d.
1683 2763 1690 2770 ’

757 2903 1407 2970 Additamentum.
1499 2905 1700 2970 Hero
1757 2904 1980 2970 dixit:
2051 2905 2120 2971 Si
2164 2905 2231 2968 in
2280 2903 2603 2985 triangulo
2659 2905 3051 2988 quadratum

587 3024 936 3091 cuiuslibet
976 3024 1203 3091 lateris
1249 3027 1462 3090 maius
1507 3032 1609 3089 est
1653 3044 1911 3090 summa
1957 3027 2237 3090 duorum
2269 3025 2739 3109 quadratorum
2774 3028 3050 3093 duorum

582 3143 858 3210 laterum
905 3144 1324 3230 reliquorum,
1388 3146 1661 3227 angulus
1715 3146 1820 3210 his
1863 3145 2125 3217 duobus
2170 3146 2487 3211 lateribus
2533 3148 3053 3230 comprehensus

587 3264 862 3330 obtusus
909 3267 1048 3331 erit.

756 3385 827 3449 In
881 3385 1206 3467 triangulo
1245 3384 1432 3452 ΑΒΘ
1488 3387 1876 3471 quadratum
1943 3388 2169 3453 lateris
2209 3385 2332 3451 ΒΘ
2388 3387 2599 3453 maius
2656 3390 2737 3453 sit
2793 3409 3050 3455 summa

585 3504 862 3570 duorum
909 3507 1379 3589 quadratorum
1426 3508 1704 3573 duorum
1751 3507 2026 3574 laterum
2060 3506 2204 3589 BA,
2250 3505 2391 3573 AG.
2484 3507 2694 3584 Dico,
2742 3511 3049 3589 angulum

582 3622 766 3689 ΒΑΘ
813 3626 1121 3692 obtusum
1167 3645 1334 3692 esse.

755 3746 1361 3813 Demonstratio.
1428 3747 1484 3812 A
1531 3754 1776 3831 puncto
1823 3750 1882 3813 A
1928 3749 2143 3813 lineae
2189 3748 2309 3814 ΑΘ
2357 3768 2439 3815 ex
2486 3750 3048 3816 demonstratione

583 3866 1054 3949 propositionis
1110 3868 1196 3932 ad
1244 3869 1288 3947 Ι,
1326 3862 1418 3932 '12
1468 3866 1620 3955 [sor.
1665 3868 1710 3946 Ι,
1759 3868 1866 3955 11]
1899 3869 2203 3934 adiectae
2250 3870 2864 3953 perpendicularem
2916 3872 3053 3938 AD

584 3987 885 4053 ducimus
938 3988 1126 4053 lateri
1164 3986 1292 4054 AB
1347 3989 1711 4071 aequalem.
1807 3989 2079 4054 Lineam
2118 3988 2251 4055 ΘΙ)
2306 3992 2627 4058 ducimuS.
2721 3992 3049 4073 Quoniam

582 4109 973 4190 quadratum
1004 4107 1133 4174 AB
1170 4109 1492 4193 quadrato
1524 4109 1658 4175 AD
1695 4111 1972 4193 aequale
2022 4118 2139 4191 est,
2188 4112 2513 4196 quadrato
2544 4111 2667 4178 ΑΘ
2713 4116 3049 4180 communi

581 4236 841 4312 sumpto
889 4248 1146 4295 summa
1201 4231 1478 4296 duorum
1525 4231 1993 4316 quadratorum
2052 4232 2327 4298 duarum
2382 4232 2704 4299 linearum
2736 4233 2882 4315 AB,
2927 4233 3050 4300 ΑΘ

580 4369 878 4415 summae
926 4350 1202 4416 duorum
1251 4351 1721 4435 quadratorum
1753 4350 1908 4431 DA,
1963 4350 2087 4417 ΑΘ
2132 4353 2429 4437 aequalis
2475 4361 2593 4419 est.
2685 4356 3047 4438 Supposui-

582 4490 726 4535 mus
781 4478 1035 4551 autem,
1094 4471 1487 4555 quadratum
1539 4472 1762 4539 lateris
1805 4470 1922 4536 ΒΘ
1981 4475 2195 4538 maius
2251 4492 2399 4539 esse
2453 4494 2713 4540 summa
2767 4477 3046 4541 duorum

582 4592 1054 4673 quadratorum
1101 4593 1379 4658 duorum
1423 4592 1700 4659 laterum
1732 4591 1878 4674 AB,
1925 4592 2074 4675 ΑΘ;
2132 4614 2213 4659 ex
2260 4595 2313 4676 l,
2370 4598 2453 4659 46
2510 4603 2730 4661 autem
2788 4616 3045 4663 summa

581 4711 859 4777 duorum
906 4714 1376 4797 quadratorum
1408 4712 1563 4796 DA,
1611 4712 1731 4781 ΑΘ
1765 4714 2063 4800 aequalis
2112 4722 2211 4781 est
2256 4716 2582 4800 quadrato
2626 4716 2851 4805 lateris
2884 4716 3044 4800 DG3

581 4833 802 4915 itaque
894 4836 1283 4917 quadratum
1355 4835 1577 4900 lateris
1621 4833 1743 4900 ΒΘ
1788 4838 2003 4901 maius
2070 4844 2171 4901 est
2240 4838 2564 4921 quadrato
2608 4838 2829 4903 lateris
2885 4836 3046 4921 GD;
