<?xml version="1.0" encoding="UTF-8"?>
<!DOCTYPE html PUBLIC "-//W3C//DTD XHTML 1.0 Transitional//EN"
    "http://www.w3.org/TR/xhtml1/DTD/xhtml1-transitional.dtd">
<html xmlns="http://www.w3.org/1999/xhtml" xml:lang="en" lang="en">
 <head>
  <title>
</title>
<meta http-equiv="Content-Type" content="text/html;charset=utf-8" />
  <meta name='ocr-system' content='tesseract 3.04.00' />
  <meta name='ocr-capabilities' content='ocr_page ocr_carea ocr_par ocr_line ocrx_word'/>
</head>
<body>
  <div class='ocr_page' id='page_1' title='image "./codexleidensisi00matagoog_0065.png"; bbox 0 0 3957 6007; ppageno 0'>
   <div class='ocr_carea' id='block_1_1' title="bbox 1635 613 2062 672">
    <p class='ocr_par' dir='ltr' id='par_1_1' title="bbox 1635 613 2062 672">
     <span class='ocr_line' id='line_1_1' title="bbox 1635 613 2062 672; baseline -0.009 -14"><span class='ocrx_word' id='word_1_1' title='bbox 1635 613 2062 672; x_wconf 70' lang='lat'>—59—</span> 
     </span>
    </p>
   </div>
   <div class='ocr_carea' id='block_1_2' title="bbox 612 831 3089 4899">
    <p class='ocr_par' dir='ltr' id='par_1_2' title="bbox 612 831 3089 3569">
     <span class='ocr_line' id='line_1_2' title="bbox 789 831 3088 916; baseline 0 -19"><span class='ocrx_word' id='word_1_2' title='bbox 789 832 1167 916; x_wconf 86' lang='lat' dir='ltr'>Analysis</span> <span class='ocrx_word' id='word_1_3' title='bbox 1215 853 1297 898; x_wconf 84' lang='lat' dir='ltr'>ex</span> <span class='ocrx_word' id='word_1_4' title='bbox 1331 835 1590 899; x_wconf 87' lang='lat' dir='ltr'>ratione</span> <span class='ocrx_word' id='word_1_5' title='bbox 1627 833 1974 898; x_wconf 86' lang='lat' dir='ltr'>Heronis</span> <span class='ocrx_word' id='word_1_6' title='bbox 2020 832 2188 897; x_wconf 83' lang='lat' dir='ltr'>haec</span> <span class='ocrx_word' id='word_1_7' title='bbox 2237 839 2367 896; x_wconf 87' lang='lat' dir='ltr'>est:</span> <span class='ocrx_word' id='word_1_8' title='bbox 2418 831 2915 914; x_wconf 79' lang='lat' dir='ltr'>SupposuimuS‚</span> <span class='ocrx_word' id='word_1_9' title='bbox 2964 853 3088 898; x_wconf 89' lang='lat' dir='ltr'>nos</span> 
     </span>
     <span class='ocr_line' id='line_1_3' title="bbox 615 951 3086 1036; baseline -0 -19"><span class='ocrx_word' id='word_1_10' title='bbox 615 954 968 1032; x_wconf 75' lang='lat' dir='ltr'>Inuenisse‚</span> <span class='ocrx_word' id='word_1_11' title='bbox 1025 973 1349 1020; x_wconf 84' lang='lat' dir='ltr'>summam</span> <span class='ocrx_word' id='word_1_12' title='bbox 1401 954 1675 1019; x_wconf 90' lang='lat' dir='ltr'>duorum</span> <span class='ocrx_word' id='word_1_13' title='bbox 1725 953 2196 1036; x_wconf 82' lang='lat' dir='ltr'><strong>quadratorum</strong></span> <span class='ocrx_word' id='word_1_14' title='bbox 2245 952 2517 1018; x_wconf 89' lang='lat' dir='ltr'>duarum</span> <span class='ocrx_word' id='word_1_15' title='bbox 2575 953 2897 1018; x_wconf 86' lang='lat' dir='ltr'>linearum</span> <span class='ocrx_word' id='word_1_16' title='bbox 2930 951 3086 1033; x_wconf 85' lang='lat' dir='ltr'><strong><em>AI),</em></strong></span> 
     </span>
     <span class='ocr_line' id='line_1_4' title="bbox 617 1071 3085 1156; baseline 0 -19"><span class='ocrx_word' id='word_1_17' title='bbox 617 1071 755 1137; x_wconf 92' lang='lat' dir='ltr'>DB</span> <span class='ocrx_word' id='word_1_18' title='bbox 785 1073 981 1156; x_wconf 89' lang='lat' dir='ltr'>duplo</span> <span class='ocrx_word' id='word_1_19' title='bbox 1027 1075 1348 1140; x_wconf 85' lang='lat' dir='ltr'>maiorem</span> <span class='ocrx_word' id='word_1_20' title='bbox 1396 1093 1545 1141; x_wconf 87' lang='lat' dir='ltr'>esse</span> <span class='ocrx_word' id='word_1_21' title='bbox 1593 1075 1852 1138; x_wconf 89' lang='lat' dir='ltr'>duobus</span> <span class='ocrx_word' id='word_1_22' title='bbox 1897 1073 2238 1156; x_wconf 89' lang='lat' dir='ltr'>quadratis</span> <span class='ocrx_word' id='word_1_23' title='bbox 2270 1072 2545 1138; x_wconf 87' lang='lat' dir='ltr'>duarum</span> <span class='ocrx_word' id='word_1_24' title='bbox 2591 1072 2912 1138; x_wconf 87' lang='lat' dir='ltr'>linearum</span> <span class='ocrx_word' id='word_1_25' title='bbox 2943 1073 3085 1152; x_wconf 78' lang='lat' dir='ltr'>AG,</span> 
     </span>
     <span class='ocr_line' id='line_1_5' title="bbox 615 1191 3085 1278; baseline 0.001 -21"><span class='ocrx_word' id='word_1_26' title='bbox 615 1191 765 1258; x_wconf 79' lang='lat' dir='ltr'>OD.</span> <span class='ocrx_word' id='word_1_27' title='bbox 877 1193 1172 1260; x_wconf 86' lang='lat' dir='ltr'>Dicimus</span> <span class='ocrx_word' id='word_1_28' title='bbox 1230 1197 1452 1277; x_wconf 84' lang='lat' dir='ltr'>igitur,</span> <span class='ocrx_word' id='word_1_29' title='bbox 1515 1193 1905 1278; x_wconf 86' lang='lat' dir='ltr'>quadratum</span> <span class='ocrx_word' id='word_1_30' title='bbox 1964 1193 2181 1260; x_wconf 81' lang='lat' dir='ltr'>lineae</span> <span class='ocrx_word' id='word_1_31' title='bbox 2224 1191 2356 1258; x_wconf 89' lang='lat' dir='ltr'>AD</span> <span class='ocrx_word' id='word_1_32' title='bbox 2416 1212 2497 1258; x_wconf 83' lang='lat' dir='ltr'>ex</span> <span class='ocrx_word' id='word_1_33' title='bbox 2561 1192 2645 1272; x_wconf 88' lang='grc' dir='ltr'>ΙΙ,</span> <span class='ocrx_word' id='word_1_34' title='bbox 2702 1196 2745 1256; x_wconf 85' lang='grc'><strong>4</strong></span> <span class='ocrx_word' id='word_1_35' title='bbox 2804 1195 3085 1276; x_wconf 88' lang='lat' dir='ltr'>aequale</span> 
     </span>
     <span class='ocr_line' id='line_1_6' title="bbox 616 1313 3086 1398; baseline -0 -19"><span class='ocrx_word' id='word_1_36' title='bbox 616 1333 765 1379; x_wconf 85' lang='lat' dir='ltr'>esse</span> <span class='ocrx_word' id='word_1_37' title='bbox 823 1334 1122 1380; x_wconf 83' lang='lat' dir='ltr'>summae</span> <span class='ocrx_word' id='word_1_38' title='bbox 1184 1315 1461 1381; x_wconf 89' lang='lat' dir='ltr'>duorum</span> <span class='ocrx_word' id='word_1_39' title='bbox 1523 1314 1994 1398; x_wconf 82' lang='lat' dir='ltr'>quadratorum</span> <span class='ocrx_word' id='word_1_40' title='bbox 2057 1315 2335 1379; x_wconf 89' lang='lat' dir='ltr'>duarum</span> <span class='ocrx_word' id='word_1_41' title='bbox 2392 1314 2713 1379; x_wconf 88' lang='lat' dir='ltr'>linearum</span> <span class='ocrx_word' id='word_1_42' title='bbox 2745 1317 2891 1395; x_wconf 79' lang='lat' dir='ltr'>AG,</span> <span class='ocrx_word' id='word_1_43' title='bbox 2954 1313 3086 1378; x_wconf 73' lang='grc' dir='ltr'>ΘΙ)</span> 
     </span>
     <span class='ocr_line' id='line_1_7' title="bbox 616 1433 3087 1518; baseline 0 -19"><span class='ocrx_word' id='word_1_44' title='bbox 616 1454 764 1499; x_wconf 87' lang='lat' dir='ltr'>cum</span> <span class='ocrx_word' id='word_1_45' title='bbox 823 1435 1021 1517; x_wconf 88' lang='lat' dir='ltr'>duplo</span> <span class='ocrx_word' id='word_1_46' title='bbox 1078 1436 1294 1517; x_wconf 87' lang='lat' dir='ltr'>spatio</span> <span class='ocrx_word' id='word_1_47' title='bbox 1351 1436 1608 1502; x_wconf 88' lang='lat' dir='ltr'>duabus</span> <span class='ocrx_word' id='word_1_48' title='bbox 1662 1434 1853 1500; x_wconf 83' lang='lat' dir='ltr'>lineis</span> <span class='ocrx_word' id='word_1_49' title='bbox 1894 1433 2037 1514; x_wconf 78' lang='lat' dir='ltr'>AG,</span> <span class='ocrx_word' id='word_1_50' title='bbox 2084 1433 2215 1498; x_wconf 81' lang='lat' dir='ltr'>GD</span> <span class='ocrx_word' id='word_1_51' title='bbox 2263 1434 2765 1518; x_wconf 83' lang='lat' dir='ltr'>comprehenso.</span> <span class='ocrx_word' id='word_1_52' title='bbox 2857 1434 3087 1518; x_wconf 83' lang='lat' dir='ltr'>Itaque</span> 
     </span>
     <span class='ocr_line' id='line_1_8' title="bbox 616 1553 3088 1640; baseline 0 -21"><span class='ocrx_word' id='word_1_53' title='bbox 616 1575 874 1620; x_wconf 90' lang='lat' dir='ltr'>summa</span> <span class='ocrx_word' id='word_1_54' title='bbox 941 1556 1218 1622; x_wconf 92' lang='lat' dir='ltr'>duorum</span> <span class='ocrx_word' id='word_1_55' title='bbox 1289 1557 1760 1640; x_wconf 82' lang='lat' dir='ltr'>quadratorum</span> <span class='ocrx_word' id='word_1_56' title='bbox 1828 1555 2105 1622; x_wconf 89' lang='lat' dir='ltr'>duarum</span> <span class='ocrx_word' id='word_1_57' title='bbox 2172 1554 2495 1621; x_wconf 89' lang='lat' dir='ltr'>linearum</span> <span class='ocrx_word' id='word_1_58' title='bbox 2542 1553 2680 1636; x_wconf 77' lang='lat' dir='ltr'>AG,</span> <span class='ocrx_word' id='word_1_59' title='bbox 2742 1553 2874 1619; x_wconf 81' lang='lat' dir='ltr'>GD</span> <span class='ocrx_word' id='word_1_60' title='bbox 2936 1575 3088 1620; x_wconf 87' lang='lat' dir='ltr'>cum</span> 
     </span>
     <span class='ocr_line' id='line_1_9' title="bbox 616 1674 3087 1760; baseline 0.001 -21"><span class='ocrx_word' id='word_1_61' title='bbox 616 1675 815 1759; x_wconf 92' lang='lat' dir='ltr'>duplo</span> <span class='ocrx_word' id='word_1_62' title='bbox 871 1677 1086 1759; x_wconf 88' lang='lat' dir='ltr'>spatio</span> <span class='ocrx_word' id='word_1_63' title='bbox 1145 1677 1403 1744; x_wconf 89' lang='lat' dir='ltr'>duabus</span> <span class='ocrx_word' id='word_1_64' title='bbox 1461 1677 1653 1742; x_wconf 88' lang='lat' dir='ltr'>lineis</span> <span class='ocrx_word' id='word_1_65' title='bbox 1694 1674 1833 1757; x_wconf 82' lang='lat' dir='ltr'>AG,</span> <span class='ocrx_word' id='word_1_66' title='bbox 1882 1675 2015 1740; x_wconf 83' lang='lat' dir='ltr'>GD</span> <span class='ocrx_word' id='word_1_67' title='bbox 2064 1676 2548 1758; x_wconf 82' lang='lat' dir='ltr'>comprehenso</span> <span class='ocrx_word' id='word_1_68' title='bbox 2596 1683 2659 1740; x_wconf 86' lang='lat' dir='ltr'>et</span> <span class='ocrx_word' id='word_1_69' title='bbox 2722 1696 2871 1740; x_wconf 85' lang='lat' dir='ltr'>cum</span> <span class='ocrx_word' id='word_1_70' title='bbox 2931 1696 3087 1760; x_wconf 88' lang='lat' dir='ltr'>qua·</span> 
     </span>
     <span class='ocr_line' id='line_1_10' title="bbox 615 1795 3089 1880; baseline 0 -19"><span class='ocrx_word' id='word_1_71' title='bbox 615 1796 804 1862; x_wconf 86' lang='lat' dir='ltr'>drato</span> <span class='ocrx_word' id='word_1_72' title='bbox 849 1796 1063 1862; x_wconf 85' lang='lat' dir='ltr'>lineae</span> <span class='ocrx_word' id='word_1_73' title='bbox 1094 1795 1230 1862; x_wconf 92' lang='lat' dir='ltr'>BD</span> <span class='ocrx_word' id='word_1_74' title='bbox 1266 1797 1462 1880; x_wconf 91' lang='lat' dir='ltr'>duplo</span> <span class='ocrx_word' id='word_1_75' title='bbox 1512 1799 1723 1864; x_wconf 88' lang='lat' dir='ltr'>maior</span> <span class='ocrx_word' id='word_1_76' title='bbox 1768 1803 1869 1862; x_wconf 88' lang='lat' dir='ltr'>est</span> <span class='ocrx_word' id='word_1_77' title='bbox 1914 1797 2172 1862; x_wconf 88' lang='lat' dir='ltr'>duobus</span> <span class='ocrx_word' id='word_1_78' title='bbox 2220 1797 2559 1879; x_wconf 83' lang='lat' dir='ltr'>quadratis</span> <span class='ocrx_word' id='word_1_79' title='bbox 2606 1796 2879 1863; x_wconf 89' lang='lat' dir='ltr'>duarum</span> <span class='ocrx_word' id='word_1_80' title='bbox 2925 1796 3089 1862; x_wconf 84' lang='lat' dir='ltr'>line-</span> 
     </span>
     <span class='ocr_line' id='line_1_11' title="bbox 616 1915 3089 2004; baseline 0 -22"><span class='ocrx_word' id='word_1_81' title='bbox 616 1937 800 1982; x_wconf 87' lang='lat' dir='ltr'>arum</span> <span class='ocrx_word' id='word_1_82' title='bbox 831 1915 971 2000; x_wconf 73' lang='lat' dir='ltr'>AG,</span> <span class='ocrx_word' id='word_1_83' title='bbox 1003 1917 1156 1983; x_wconf 83' lang='lat' dir='ltr'>GD.</span> <span class='ocrx_word' id='word_1_84' title='bbox 1233 1918 1372 1984; x_wconf 89' lang='lat' dir='ltr'>Iam</span> <span class='ocrx_word' id='word_1_85' title='bbox 1417 1919 1474 1983; x_wconf 87' lang='lat' dir='ltr'>si</span> <span class='ocrx_word' id='word_1_86' title='bbox 1521 1919 1652 1984; x_wconf 92' lang='lat' dir='ltr'>duo</span> <span class='ocrx_word' id='word_1_87' title='bbox 1700 1917 2023 2001; x_wconf 85' lang='lat' dir='ltr'>quadrata</span> <span class='ocrx_word' id='word_1_88' title='bbox 2070 1915 2444 2004; x_wconf 85' lang='lat' dir='ltr'>[linearum]</span> <span class='ocrx_word' id='word_1_89' title='bbox 2477 1915 2617 1998; x_wconf 75' lang='lat' dir='ltr'>AG,</span> <span class='ocrx_word' id='word_1_90' title='bbox 2651 1915 2783 1981; x_wconf 72' lang='grc' dir='ltr'>ΘΒ</span> <span class='ocrx_word' id='word_1_91' title='bbox 2831 1917 3089 1982; x_wconf 86' lang='lat' dir='ltr'>duabus</span> 
     </span>
     <span class='ocr_line' id='line_1_12' title="bbox 615 2038 3085 2120; baseline 0 -19"><span class='ocrx_word' id='word_1_92' title='bbox 615 2039 890 2103; x_wconf 88' lang='lat' dir='ltr'>summis</span> <span class='ocrx_word' id='word_1_93' title='bbox 936 2040 1316 2104; x_wconf 83' lang='lat' dir='ltr'>communia</span> <span class='ocrx_word' id='word_1_94' title='bbox 1362 2039 1828 2117; x_wconf 81' lang='lat' dir='ltr'>subtrahimuS,</span> <span class='ocrx_word' id='word_1_95' title='bbox 1873 2038 2260 2120; x_wconf 77' lang='lat' dir='ltr'>relinquitur</span> <span class='ocrx_word' id='word_1_96' title='bbox 2294 2038 2561 2120; x_wconf 90' lang='lat' dir='ltr'>duplum</span> <span class='ocrx_word' id='word_1_97' title='bbox 2597 2038 2881 2120; x_wconf 88' lang='lat' dir='ltr'>spatium</span> <span class='ocrx_word' id='word_1_98' title='bbox 2929 2038 3085 2102; x_wconf 87' lang='lat' dir='ltr'>dua-</span> 
     </span>
     <span class='ocr_line' id='line_1_13' title="bbox 615 2156 3087 2242; baseline 0 -20"><span class='ocrx_word' id='word_1_99' title='bbox 615 2158 739 2223; x_wconf 85' lang='lat' dir='ltr'>bus</span> <span class='ocrx_word' id='word_1_100' title='bbox 783 2158 974 2225; x_wconf 88' lang='lat' dir='ltr'>lineis</span> <span class='ocrx_word' id='word_1_101' title='bbox 1006 2159 1146 2240; x_wconf 75' lang='lat' dir='ltr'>AG,</span> <span class='ocrx_word' id='word_1_102' title='bbox 1180 2158 1312 2224; x_wconf 72' lang='grc' dir='ltr'>ΘΙ)</span> <span class='ocrx_word' id='word_1_103' title='bbox 1346 2160 1893 2242; x_wconf 85' lang='lat' dir='ltr'>comprehensum</span> <span class='ocrx_word' id='word_1_104' title='bbox 1933 2178 2084 2223; x_wconf 83' lang='lat' dir='ltr'>cum</span> <span class='ocrx_word' id='word_1_105' title='bbox 2120 2158 2445 2242; x_wconf 88' lang='lat' dir='ltr'>quadrato</span> <span class='ocrx_word' id='word_1_106' title='bbox 2492 2157 2707 2223; x_wconf 83' lang='lat' dir='ltr'>lineae</span> <span class='ocrx_word' id='word_1_107' title='bbox 2738 2156 2876 2222; x_wconf 87' lang='lat' dir='ltr'>BD</span> <span class='ocrx_word' id='word_1_108' title='bbox 2910 2178 3087 2222; x_wconf 88' lang='lat' dir='ltr'>sum-</span> 
     </span>
     <span class='ocr_line' id='line_1_14' title="bbox 615 2276 3083 2364; baseline 0 -21"><span class='ocrx_word' id='word_1_109' title='bbox 615 2298 763 2344; x_wconf 85' lang='lat' dir='ltr'>mae</span> <span class='ocrx_word' id='word_1_110' title='bbox 821 2280 1101 2346; x_wconf 89' lang='lat' dir='ltr'>duorum</span> <span class='ocrx_word' id='word_1_111' title='bbox 1159 2281 1630 2364; x_wconf 83' lang='lat' dir='ltr'>quadratorum</span> <span class='ocrx_word' id='word_1_112' title='bbox 1693 2280 1968 2345; x_wconf 86' lang='lat' dir='ltr'>duarum</span> <span class='ocrx_word' id='word_1_113' title='bbox 2025 2279 2350 2344; x_wconf 87' lang='lat' dir='ltr'>linearum</span> <span class='ocrx_word' id='word_1_114' title='bbox 2394 2276 2535 2360; x_wconf 77' lang='lat' dir='ltr'>AG,</span> <span class='ocrx_word' id='word_1_115' title='bbox 2598 2277 2729 2342; x_wconf 83' lang='lat' dir='ltr'>GD</span> <span class='ocrx_word' id='word_1_116' title='bbox 2789 2277 3083 2361; x_wconf 82' lang='lat' dir='ltr'>aequale.</span> 
     </span>
     <span class='ocr_line' id='line_1_15' title="bbox 615 2397 3084 2485; baseline -0.001 -19"><span class='ocrx_word' id='word_1_117' title='bbox 615 2400 745 2466; x_wconf 83' lang='lat' dir='ltr'>Sed</span> <span class='ocrx_word' id='word_1_118' title='bbox 776 2399 1002 2464; x_wconf 77' lang='lat' dir='ltr'>AG-</span> <span class='ocrx_word' id='word_1_119' title='bbox 1033 2399 1186 2482; x_wconf 82' lang='lat' dir='ltr'>BG3</span> <span class='ocrx_word' id='word_1_120' title='bbox 1257 2403 1478 2485; x_wconf 87' lang='lat' dir='ltr'>itaque</span> <span class='ocrx_word' id='word_1_121' title='bbox 1537 2400 1803 2483; x_wconf 84' lang='lat' dir='ltr'>duplum</span> <span class='ocrx_word' id='word_1_122' title='bbox 1865 2401 2151 2482; x_wconf 89' lang='lat' dir='ltr'>spatium</span> <span class='ocrx_word' id='word_1_123' title='bbox 2210 2399 2468 2465; x_wconf 88' lang='lat' dir='ltr'>duabus</span> <span class='ocrx_word' id='word_1_124' title='bbox 2526 2399 2718 2464; x_wconf 87' lang='lat' dir='ltr'>lineis</span> <span class='ocrx_word' id='word_1_125' title='bbox 2748 2398 2891 2479; x_wconf 80' lang='lat' dir='ltr'>AG,</span> <span class='ocrx_word' id='word_1_126' title='bbox 2952 2397 3084 2463; x_wconf 72' lang='grc' dir='ltr'>ΘΙ)</span> 
     </span>
     <span class='ocr_line' id='line_1_16' title="bbox 615 2517 3087 2605; baseline -0 -21"><span class='ocrx_word' id='word_1_127' title='bbox 615 2521 1166 2602; x_wconf 85' lang='lat' dir='ltr'>comprehensum</span> <span class='ocrx_word' id='word_1_128' title='bbox 1214 2522 1490 2605; x_wconf 85' lang='lat' dir='ltr'>aequale</span> <span class='ocrx_word' id='word_1_129' title='bbox 1538 2523 1658 2586; x_wconf 88' lang='lat' dir='ltr'>erit</span> <span class='ocrx_word' id='word_1_130' title='bbox 1705 2520 1901 2603; x_wconf 92' lang='lat' dir='ltr'>duplo</span> <span class='ocrx_word' id='word_1_131' title='bbox 1957 2521 2174 2602; x_wconf 87' lang='lat' dir='ltr'>spatio</span> <span class='ocrx_word' id='word_1_132' title='bbox 2225 2519 2483 2585; x_wconf 90' lang='lat' dir='ltr'>duabus</span> <span class='ocrx_word' id='word_1_133' title='bbox 2528 2518 2720 2585; x_wconf 88' lang='lat' dir='ltr'>lineis</span> <span class='ocrx_word' id='word_1_134' title='bbox 2766 2518 2919 2598; x_wconf 79' lang='lat' dir='ltr'>DG,</span> <span class='ocrx_word' id='word_1_135' title='bbox 2964 2517 3087 2583; x_wconf 79' lang='lat' dir='ltr'>GR</span> 
     </span>
     <span class='ocr_line' id='line_1_17' title="bbox 615 2641 3086 2724; baseline 0.001 -20"><span class='ocrx_word' id='word_1_136' title='bbox 615 2641 1117 2724; x_wconf 73' lang='lat' dir='ltr'>comprehenso,</span> <span class='ocrx_word' id='word_1_137' title='bbox 1167 2647 1232 2705; x_wconf 89' lang='lat' dir='ltr'>et</span> <span class='ocrx_word' id='word_1_138' title='bbox 1276 2661 1532 2706; x_wconf 86' lang='lat' dir='ltr'>summa</span> <span class='ocrx_word' id='word_1_139' title='bbox 1581 2643 1858 2707; x_wconf 87' lang='lat' dir='ltr'>duorum</span> <span class='ocrx_word' id='word_1_140' title='bbox 1907 2642 2379 2724; x_wconf 88' lang='lat' dir='ltr'>quadratorum</span> <span class='ocrx_word' id='word_1_141' title='bbox 2426 2641 2703 2705; x_wconf 90' lang='lat' dir='ltr'>duarum</span> <span class='ocrx_word' id='word_1_142' title='bbox 2762 2641 3086 2706; x_wconf 87' lang='lat' dir='ltr'>linearum</span> 
     </span>
     <span class='ocr_line' id='line_1_18' title="bbox 613 2759 3084 2845; baseline 0.002 -21"><span class='ocrx_word' id='word_1_143' title='bbox 613 2759 752 2841; x_wconf 77' lang='lat' dir='ltr'>AG,</span> <span class='ocrx_word' id='word_1_144' title='bbox 800 2759 930 2824; x_wconf 81' lang='lat' dir='ltr'>GD</span> <span class='ocrx_word' id='word_1_145' title='bbox 977 2781 1275 2827; x_wconf 84' lang='lat' dir='ltr'>summae</span> <span class='ocrx_word' id='word_1_146' title='bbox 1343 2764 1620 2827; x_wconf 86' lang='lat' dir='ltr'>duorum</span> <span class='ocrx_word' id='word_1_147' title='bbox 1690 2761 2163 2845; x_wconf 87' lang='lat' dir='ltr'>quadratorum</span> <span class='ocrx_word' id='word_1_148' title='bbox 2233 2762 2507 2826; x_wconf 90' lang='lat' dir='ltr'>duarum</span> <span class='ocrx_word' id='word_1_149' title='bbox 2563 2761 2883 2826; x_wconf 86' lang='lat' dir='ltr'>linearum</span> <span class='ocrx_word' id='word_1_150' title='bbox 2932 2760 3084 2844; x_wconf 73' lang='lat' dir='ltr'>OD,</span> 
     </span>
     <span class='ocr_line' id='line_1_19' title="bbox 613 2880 3086 2966; baseline 0.001 -20"><span class='ocrx_word' id='word_1_151' title='bbox 613 2880 737 2946; x_wconf 71' lang='lat' dir='ltr'>GR</span> <span class='ocrx_word' id='word_1_152' title='bbox 803 2882 1128 2966; x_wconf 79' lang='lat' dir='ltr'>aequalis3</span> <span class='ocrx_word' id='word_1_153' title='bbox 1200 2901 1406 2966; x_wconf 85' lang='lat' dir='ltr'>quare</span> <span class='ocrx_word' id='word_1_154' title='bbox 1475 2882 1740 2964; x_wconf 91' lang='lat' dir='ltr'>duplum</span> <span class='ocrx_word' id='word_1_155' title='bbox 1809 2883 2092 2964; x_wconf 89' lang='lat' dir='ltr'>spatium</span> <span class='ocrx_word' id='word_1_156' title='bbox 2164 2883 2420 2947; x_wconf 89' lang='lat' dir='ltr'>duabus</span> <span class='ocrx_word' id='word_1_157' title='bbox 2489 2883 2679 2946; x_wconf 87' lang='lat' dir='ltr'>lineis</span> <span class='ocrx_word' id='word_1_158' title='bbox 2740 2881 2893 2962; x_wconf 78' lang='lat' dir='ltr'>DG,</span> <span class='ocrx_word' id='word_1_159' title='bbox 2962 2882 3086 2948; x_wconf 78' lang='lat' dir='ltr'>GB</span> 
     </span>
     <span class='ocr_line' id='line_1_20' title="bbox 615 3001 3084 3088; baseline 0.001 -21"><span class='ocrx_word' id='word_1_160' title='bbox 615 3003 1167 3085; x_wconf 84' lang='lat' dir='ltr'>comprehensum</span> <span class='ocrx_word' id='word_1_161' title='bbox 1229 3022 1380 3069; x_wconf 84' lang='lat' dir='ltr'>cum</span> <span class='ocrx_word' id='word_1_162' title='bbox 1442 3002 1766 3088; x_wconf 85' lang='lat' dir='ltr'>quadrato</span> <span class='ocrx_word' id='word_1_163' title='bbox 1825 3002 2043 3069; x_wconf 84' lang='lat' dir='ltr'>lineae</span> <span class='ocrx_word' id='word_1_164' title='bbox 2090 3001 2222 3067; x_wconf 88' lang='lat' dir='ltr'>DB</span> <span class='ocrx_word' id='word_1_165' title='bbox 2285 3002 2562 3088; x_wconf 82' lang='lat' dir='ltr'>aequale</span> <span class='ocrx_word' id='word_1_166' title='bbox 2624 3011 2727 3067; x_wconf 87' lang='lat' dir='ltr'>est</span> <span class='ocrx_word' id='word_1_167' title='bbox 2784 3023 3084 3069; x_wconf 89' lang='lat' dir='ltr'>summae</span> 
     </span>
     <span class='ocr_line' id='line_1_21' title="bbox 615 3122 3081 3208; baseline 0 -19"><span class='ocrx_word' id='word_1_168' title='bbox 615 3125 894 3190; x_wconf 86' lang='lat' dir='ltr'>duorum</span> <span class='ocrx_word' id='word_1_169' title='bbox 949 3124 1420 3208; x_wconf 87' lang='lat' dir='ltr'>quadratorum</span> <span class='ocrx_word' id='word_1_170' title='bbox 1479 3124 1756 3189; x_wconf 91' lang='lat' dir='ltr'>duarum</span> <span class='ocrx_word' id='word_1_171' title='bbox 1811 3124 2134 3190; x_wconf 84' lang='lat' dir='ltr'>linearum</span> <span class='ocrx_word' id='word_1_172' title='bbox 2166 3122 2318 3206; x_wconf 76' lang='lat' dir='ltr'>DG,</span> <span class='ocrx_word' id='word_1_173' title='bbox 2366 3122 2547 3201; x_wconf 61' lang='lat' dir='ltr'>GR„</span> <span class='ocrx_word' id='word_1_174' title='bbox 2602 3124 2771 3205; x_wconf 87' lang='lat' dir='ltr'>Ergo</span> <span class='ocrx_word' id='word_1_175' title='bbox 2817 3124 2950 3188; x_wconf 91' lang='lat' dir='ltr'>iam</span> <span class='ocrx_word' id='word_1_176' title='bbox 2999 3124 3081 3189; x_wconf 90' lang='lat' dir='ltr'>ad</span> 
     </span>
     <span class='ocr_line' id='line_1_22' title="bbox 615 3242 3083 3325; baseline 0.001 -18"><span class='ocrx_word' id='word_1_177' title='bbox 615 3242 689 3322; x_wconf 87' lang='grc' dir='ltr'>ΙΙ,</span> <span class='ocrx_word' id='word_1_178' title='bbox 761 3248 794 3306; x_wconf 89' lang='grc'><strong>7</strong></span> <span class='ocrx_word' id='word_1_179' title='bbox 864 3244 1221 3310; x_wconf 89' lang='lat' dir='ltr'>resolutum</span> <span class='ocrx_word' id='word_1_180' title='bbox 1293 3252 1422 3325; x_wconf 86' lang='lat' dir='ltr'>est,</span> <span class='ocrx_word' id='word_1_181' title='bbox 1493 3253 1558 3310; x_wconf 84' lang='lat' dir='ltr'>et</span> <span class='ocrx_word' id='word_1_182' title='bbox 1625 3246 2149 3311; x_wconf 85' lang='lat' dir='ltr'>demonstratum</span> <span class='ocrx_word' id='word_1_183' title='bbox 2218 3252 2337 3324; x_wconf 87' lang='lat' dir='ltr'>est,</span> <span class='ocrx_word' id='word_1_184' title='bbox 2408 3264 2735 3310; x_wconf 89' lang='lat' dir='ltr'>summam</span> <span class='ocrx_word' id='word_1_185' title='bbox 2804 3245 3083 3311; x_wconf 89' lang='lat' dir='ltr'>duorum</span> 
     </span>
     <span class='ocr_line' id='line_1_23' title="bbox 612 3364 3085 3448; baseline 0 -19"><span class='ocrx_word' id='word_1_186' title='bbox 612 3365 1083 3448; x_wconf 90' lang='lat' dir='ltr'>quadratorum</span> <span class='ocrx_word' id='word_1_187' title='bbox 1151 3365 1428 3431; x_wconf 90' lang='lat' dir='ltr'>duarum</span> <span class='ocrx_word' id='word_1_188' title='bbox 1493 3367 1815 3431; x_wconf 85' lang='lat' dir='ltr'>linearum</span> <span class='ocrx_word' id='word_1_189' title='bbox 1860 3364 2017 3445; x_wconf 87' lang='lat' dir='ltr'>AD,</span> <span class='ocrx_word' id='word_1_190' title='bbox 2074 3365 2212 3429; x_wconf 75' lang='grc' dir='ltr'>ΠΒ</span> <span class='ocrx_word' id='word_1_191' title='bbox 2278 3365 2477 3448; x_wconf 93' lang='lat' dir='ltr'>duplo</span> <span class='ocrx_word' id='word_1_192' title='bbox 2532 3366 2863 3431; x_wconf 81' lang='lat' dir='ltr'>maiorem</span> <span class='ocrx_word' id='word_1_193' title='bbox 2936 3384 3085 3429; x_wconf 84' lang='lat' dir='ltr'>esse</span> 
     </span>
     <span class='ocr_line' id='line_1_24' title="bbox 613 3484 2813 3569; baseline 0 -20"><span class='ocrx_word' id='word_1_194' title='bbox 613 3486 872 3551; x_wconf 90' lang='lat' dir='ltr'>duobus</span> <span class='ocrx_word' id='word_1_195' title='bbox 919 3486 1259 3569; x_wconf 87' lang='lat' dir='ltr'>quadratis</span> <span class='ocrx_word' id='word_1_196' title='bbox 1307 3487 1584 3552; x_wconf 91' lang='lat' dir='ltr'>duarum</span> <span class='ocrx_word' id='word_1_197' title='bbox 1631 3486 1951 3552; x_wconf 89' lang='lat' dir='ltr'>linearum</span> <span class='ocrx_word' id='word_1_198' title='bbox 1986 3484 2123 3567; x_wconf 76' lang='lat' dir='ltr'>AG,</span> <span class='ocrx_word' id='word_1_199' title='bbox 2172 3484 2322 3552; x_wconf 73' lang='grc' dir='ltr'>ΘΒ.</span> <span class='ocrx_word' id='word_1_200' title='bbox 2414 3486 2488 3567; x_wconf 87' lang='lat' dir='ltr'>Q.</span> <span class='ocrx_word' id='word_1_201' title='bbox 2538 3505 2598 3549; x_wconf 91' lang='lat' dir='ltr'>n.</span> <span class='ocrx_word' id='word_1_202' title='bbox 2648 3504 2703 3551; x_wconf 86' lang='lat' dir='ltr'>e.</span> <span class='ocrx_word' id='word_1_203' title='bbox 2754 3486 2813 3550; x_wconf 93' lang='lat' dir='ltr'>d.</span> 
     </span>
    </p>

    <p class='ocr_par' dir='ltr' id='par_1_3' title="bbox 612 3606 3085 4899">
     <span class='ocr_line' id='line_1_25' title="bbox 781 3606 3083 3690; baseline 0 -19"><span class='ocrx_word' id='word_1_204' title='bbox 781 3607 853 3671; x_wconf 89' lang='lat' dir='ltr'>In</span> <span class='ocrx_word' id='word_1_205' title='bbox 899 3606 1239 3672; x_wconf 85' lang='lat' dir='ltr'>ratione</span> <span class='ocrx_word' id='word_1_206' title='bbox 1286 3607 1777 3689; x_wconf 83' lang='lat' dir='ltr'>synthetica</span> <span class='ocrx_word' id='word_1_207' title='bbox 1823 3607 1976 3671; x_wconf 89' lang='lat' dir='ltr'>inde</span> <span class='ocrx_word' id='word_1_208' title='bbox 2024 3606 2397 3688; x_wconf 75' lang='lat' dir='ltr'>incipimUS,</span> <span class='ocrx_word' id='word_1_209' title='bbox 2444 3608 2513 3670; x_wconf 88' lang='lat' dir='ltr'>in</span> <span class='ocrx_word' id='word_1_210' title='bbox 2560 3606 2737 3690; x_wconf 91' lang='lat' dir='ltr'>quod</span> <span class='ocrx_word' id='word_1_211' title='bbox 2766 3606 3083 3672; x_wconf 85' lang='lat' dir='ltr'>resolutio</span> 
     </span>
     <span class='ocr_line' id='line_1_26' title="bbox 613 3725 3084 3811; baseline 0 -20"><span class='ocrx_word' id='word_1_212' title='bbox 613 3727 808 3791; x_wconf 91' lang='lat' dir='ltr'>nobis</span> <span class='ocrx_word' id='word_1_213' title='bbox 856 3725 1068 3805; x_wconf 85' lang='lat' dir='ltr'>desiit,</span> <span class='ocrx_word' id='word_1_214' title='bbox 1117 3733 1182 3791; x_wconf 89' lang='lat' dir='ltr'>et</span> <span class='ocrx_word' id='word_1_215' title='bbox 1227 3727 1536 3793; x_wconf 84' lang='lat' dir='ltr'>dicimus:</span> <span class='ocrx_word' id='word_1_216' title='bbox 1600 3728 1927 3807; x_wconf 87' lang='lat' dir='ltr'>Quoniam</span> <span class='ocrx_word' id='word_1_217' title='bbox 1977 3746 2237 3793; x_wconf 89' lang='lat' dir='ltr'>summa</span> <span class='ocrx_word' id='word_1_218' title='bbox 2284 3728 2561 3792; x_wconf 88' lang='lat' dir='ltr'>duorum</span> <span class='ocrx_word' id='word_1_219' title='bbox 2610 3727 3084 3811; x_wconf 87' lang='lat' dir='ltr'>quadratorum</span> 
     </span>
     <span class='ocr_line' id='line_1_27' title="bbox 614 3844 3085 3931; baseline 0 -21"><span class='ocrx_word' id='word_1_220' title='bbox 614 3846 888 3913; x_wconf 90' lang='lat' dir='ltr'>duarum</span> <span class='ocrx_word' id='word_1_221' title='bbox 935 3846 1252 3912; x_wconf 85' lang='lat' dir='ltr'>linearum</span> <span class='ocrx_word' id='word_1_222' title='bbox 1289 3845 1438 3929; x_wconf 76' lang='lat' dir='ltr'>DG,</span> <span class='ocrx_word' id='word_1_223' title='bbox 1473 3844 1596 3912; x_wconf 69' lang='grc' dir='ltr'>ΘΒ</span> <span class='ocrx_word' id='word_1_224' title='bbox 1627 3848 1926 3931; x_wconf 86' lang='lat' dir='ltr'>aequalis</span> <span class='ocrx_word' id='word_1_225' title='bbox 1973 3854 2076 3913; x_wconf 87' lang='lat' dir='ltr'>est</span> <span class='ocrx_word' id='word_1_226' title='bbox 2113 3847 2310 3929; x_wconf 89' lang='lat' dir='ltr'>duplo</span> <span class='ocrx_word' id='word_1_227' title='bbox 2346 3849 2562 3930; x_wconf 86' lang='lat' dir='ltr'>spatio</span> <span class='ocrx_word' id='word_1_228' title='bbox 2603 3847 2860 3912; x_wconf 89' lang='lat' dir='ltr'>duabus</span> <span class='ocrx_word' id='word_1_229' title='bbox 2893 3848 3085 3913; x_wconf 84' lang='lat' dir='ltr'>lineis</span> 
     </span>
     <span class='ocr_line' id='line_1_28' title="bbox 614 3965 3081 4052; baseline 0 -22"><span class='ocrx_word' id='word_1_230' title='bbox 614 3966 764 4047; x_wconf 77' lang='lat' dir='ltr'>DG,</span> <span class='ocrx_word' id='word_1_231' title='bbox 812 3965 934 4031; x_wconf 77' lang='grc' dir='ltr'>ΟΒ</span> <span class='ocrx_word' id='word_1_232' title='bbox 980 3968 1463 4049; x_wconf 83' lang='lat' dir='ltr'>comprehenso</span> <span class='ocrx_word' id='word_1_233' title='bbox 1521 3989 1674 4033; x_wconf 84' lang='lat' dir='ltr'>cum</span> <span class='ocrx_word' id='word_1_234' title='bbox 1736 3970 2061 4052; x_wconf 89' lang='lat' dir='ltr'>quadrato</span> <span class='ocrx_word' id='word_1_235' title='bbox 2117 3968 2333 4034; x_wconf 83' lang='lat' dir='ltr'>lineae</span> <span class='ocrx_word' id='word_1_236' title='bbox 2366 3966 2523 4050; x_wconf 70' lang='grc' dir='ltr'>ΠΒ,</span> <span class='ocrx_word' id='word_1_237' title='bbox 2584 3975 2644 4034; x_wconf 87' lang='lat' dir='ltr'>et</span> <span class='ocrx_word' id='word_1_238' title='bbox 2677 3966 2798 4033; x_wconf 85' lang='lat' dir='ltr'>AG</span> <span class='ocrx_word' id='word_1_239' title='bbox 2835 4000 2910 4018; x_wconf 56' lang='grc'>»-</span> <span class='ocrx_word' id='word_1_240' title='bbox 2938 3966 3081 4047; x_wconf 75' lang='lat' dir='ltr'>GR,</span> 
     </span>
     <span class='ocr_line' id='line_1_29' title="bbox 613 4087 3084 4172; baseline 0.001 -21"><span class='ocrx_word' id='word_1_241' title='bbox 613 4108 870 4153; x_wconf 90' lang='lat' dir='ltr'>summa</span> <span class='ocrx_word' id='word_1_242' title='bbox 917 4087 1194 4153; x_wconf 92' lang='lat' dir='ltr'>duorum</span> <span class='ocrx_word' id='word_1_243' title='bbox 1242 4091 1712 4171; x_wconf 87' lang='lat' dir='ltr'>quadratorum</span> <span class='ocrx_word' id='word_1_244' title='bbox 1760 4090 2035 4154; x_wconf 90' lang='lat' dir='ltr'>duarum</span> <span class='ocrx_word' id='word_1_245' title='bbox 2079 4089 2402 4154; x_wconf 87' lang='lat' dir='ltr'>linearum</span> <span class='ocrx_word' id='word_1_246' title='bbox 2434 4087 2574 4169; x_wconf 76' lang='lat' dir='ltr'>AG,</span> <span class='ocrx_word' id='word_1_247' title='bbox 2622 4087 2752 4153; x_wconf 81' lang='lat' dir='ltr'>GD</span> <span class='ocrx_word' id='word_1_248' title='bbox 2787 4090 3084 4172; x_wconf 87' lang='lat' dir='ltr'>aequalis</span> 
     </span>
     <span class='ocr_line' id='line_1_30' title="bbox 613 4207 3083 4293; baseline 0 -20"><span class='ocrx_word' id='word_1_249' title='bbox 613 4208 734 4273; x_wconf 88' lang='lat' dir='ltr'>erit</span> <span class='ocrx_word' id='word_1_250' title='bbox 779 4207 977 4290; x_wconf 90' lang='lat' dir='ltr'>duplo</span> <span class='ocrx_word' id='word_1_251' title='bbox 1022 4212 1240 4292; x_wconf 85' lang='lat' dir='ltr'>spatio</span> <span class='ocrx_word' id='word_1_252' title='bbox 1287 4210 1545 4275; x_wconf 87' lang='lat' dir='ltr'>duabus</span> <span class='ocrx_word' id='word_1_253' title='bbox 1591 4210 1778 4275; x_wconf 83' lang='lat' dir='ltr'>lineis</span> <span class='ocrx_word' id='word_1_254' title='bbox 1821 4208 1962 4286; x_wconf 76' lang='lat' dir='ltr'>AG,</span> <span class='ocrx_word' id='word_1_255' title='bbox 2011 4208 2141 4273; x_wconf 77' lang='lat' dir='ltr'>GD</span> <span class='ocrx_word' id='word_1_256' title='bbox 2190 4210 2675 4292; x_wconf 84' lang='lat' dir='ltr'>comprehenso</span> <span class='ocrx_word' id='word_1_257' title='bbox 2724 4229 2872 4273; x_wconf 87' lang='lat' dir='ltr'>cum</span> <span class='ocrx_word' id='word_1_258' title='bbox 2920 4229 3083 4293; x_wconf 92' lang='lat' dir='ltr'>qua-</span> 
     </span>
     <span class='ocr_line' id='line_1_31' title="bbox 613 4328 3083 4413; baseline 0.001 -21"><span class='ocrx_word' id='word_1_259' title='bbox 613 4328 801 4393; x_wconf 90' lang='lat' dir='ltr'>drato</span> <span class='ocrx_word' id='word_1_260' title='bbox 855 4329 1071 4395; x_wconf 85' lang='lat' dir='ltr'>lineae</span> <span class='ocrx_word' id='word_1_261' title='bbox 1106 4330 1257 4396; x_wconf 91' lang='lat' dir='ltr'>DB.</span> <span class='ocrx_word' id='word_1_262' title='bbox 1350 4331 1488 4396; x_wconf 91' lang='lat' dir='ltr'>Iam</span> <span class='ocrx_word' id='word_1_263' title='bbox 1547 4332 1626 4395; x_wconf 90' lang='lat' dir='ltr'>ad</span> <span class='ocrx_word' id='word_1_264' title='bbox 1689 4349 2015 4395; x_wconf 84' lang='lat' dir='ltr'>summam</span> <span class='ocrx_word' id='word_1_265' title='bbox 2076 4330 2353 4395; x_wconf 89' lang='lat' dir='ltr'>duorum</span> <span class='ocrx_word' id='word_1_266' title='bbox 2412 4332 2881 4413; x_wconf 89' lang='lat' dir='ltr'>quadratorum</span> <span class='ocrx_word' id='word_1_267' title='bbox 2928 4330 3083 4395; x_wconf 91' lang='lat' dir='ltr'>dua-</span> 
     </span>
     <span class='ocr_line' id='line_1_32' title="bbox 613 4449 3081 4535; baseline 0 -21"><span class='ocrx_word' id='word_1_268' title='bbox 613 4470 755 4515; x_wconf 90' lang='lat' dir='ltr'>rum</span> <span class='ocrx_word' id='word_1_269' title='bbox 810 4450 1129 4516; x_wconf 88' lang='lat' dir='ltr'>linearum</span> <span class='ocrx_word' id='word_1_270' title='bbox 1160 4450 1300 4533; x_wconf 76' lang='lat' dir='ltr'>AG,</span> <span class='ocrx_word' id='word_1_271' title='bbox 1347 4451 1480 4516; x_wconf 80' lang='lat' dir='ltr'>GD</span> <span class='ocrx_word' id='word_1_272' title='bbox 1529 4451 1788 4518; x_wconf 91' lang='lat' dir='ltr'>duobus</span> <span class='ocrx_word' id='word_1_273' title='bbox 1846 4449 1991 4516; x_wconf 89' lang='lat' dir='ltr'>aliis</span> <span class='ocrx_word' id='word_1_274' title='bbox 2049 4451 2417 4534; x_wconf 78' lang='lat' dir='ltr'>quadratiS‚</span> <span class='ocrx_word' id='word_1_275' title='bbox 2477 4469 2647 4533; x_wconf 87' lang='lat' dir='ltr'>quae</span> <span class='ocrx_word' id='word_1_276' title='bbox 2704 4457 2857 4516; x_wconf 89' lang='lat' dir='ltr'>sunt</span> <span class='ocrx_word' id='word_1_277' title='bbox 2916 4471 3081 4535; x_wconf 90' lang='lat' dir='ltr'>qua-</span> 
     </span>
     <span class='ocr_line' id='line_1_33' title="bbox 614 4569 3079 4652; baseline 0.001 -19"><span class='ocrx_word' id='word_1_278' title='bbox 614 4570 802 4636; x_wconf 88' lang='lat' dir='ltr'>drata</span> <span class='ocrx_word' id='word_1_279' title='bbox 857 4572 1134 4636; x_wconf 90' lang='lat' dir='ltr'>duarum</span> <span class='ocrx_word' id='word_1_280' title='bbox 1189 4570 1508 4637; x_wconf 87' lang='lat' dir='ltr'>linearum</span> <span class='ocrx_word' id='word_1_281' title='bbox 1540 4569 1682 4652; x_wconf 78' lang='lat' dir='ltr'>AG,</span> <span class='ocrx_word' id='word_1_282' title='bbox 1729 4569 1882 4651; x_wconf 73' lang='lat'><em>6¹1),</em></span> <span class='ocrx_word' id='word_1_283' title='bbox 1938 4571 2200 4652; x_wconf 88' lang='lat' dir='ltr'>additis,</span> <span class='ocrx_word' id='word_1_284' title='bbox 2265 4578 2329 4637; x_wconf 87' lang='lat' dir='ltr'>et</span> <span class='ocrx_word' id='word_1_285' title='bbox 2384 4572 2512 4637; x_wconf 83' lang='lat' dir='ltr'>hoc</span> <span class='ocrx_word' id='word_1_286' title='bbox 2561 4572 2795 4637; x_wconf 83' lang='lat' dir='ltr'>eodem</span> <span class='ocrx_word' id='word_1_287' title='bbox 2855 4569 3079 4636; x_wconf 89' lang='lat' dir='ltr'>addito</span> 
     </span>
     <span class='ocr_line' id='line_1_34' title="bbox 613 4690 3080 4775; baseline 0 -19"><span class='ocrx_word' id='word_1_288' title='bbox 613 4692 699 4756; x_wconf 91' lang='lat' dir='ltr'>ad</span> <span class='ocrx_word' id='word_1_289' title='bbox 755 4692 1025 4775; x_wconf 88' lang='lat' dir='ltr'>duplum</span> <span class='ocrx_word' id='word_1_290' title='bbox 1081 4692 1368 4775; x_wconf 88' lang='lat' dir='ltr'>spatium</span> <span class='ocrx_word' id='word_1_291' title='bbox 1426 4691 1684 4758; x_wconf 90' lang='lat' dir='ltr'>duabus</span> <span class='ocrx_word' id='word_1_292' title='bbox 1737 4692 1928 4756; x_wconf 87' lang='lat' dir='ltr'>lineis</span> <span class='ocrx_word' id='word_1_293' title='bbox 1960 4690 2098 4773; x_wconf 76' lang='lat' dir='ltr'>AG,</span> <span class='ocrx_word' id='word_1_294' title='bbox 2148 4690 2280 4756; x_wconf 81' lang='lat' dir='ltr'>GD</span> <span class='ocrx_word' id='word_1_295' title='bbox 2328 4693 2879 4775; x_wconf 83' lang='lat' dir='ltr'>comprehensum</span> <span class='ocrx_word' id='word_1_296' title='bbox 2930 4712 3080 4757; x_wconf 84' lang='lat' dir='ltr'>cum</span> 
     </span>
     <span class='ocr_line' id='line_1_35' title="bbox 612 4811 3077 4899; baseline 0 -22"><span class='ocrx_word' id='word_1_297' title='bbox 612 4813 935 4896; x_wconf 89' lang='lat' dir='ltr'>quadrato</span> <span class='ocrx_word' id='word_1_298' title='bbox 1001 4812 1215 4878; x_wconf 87' lang='lat' dir='ltr'>lineae</span> <span class='ocrx_word' id='word_1_299' title='bbox 1275 4812 1442 4896; x_wconf 88' lang='lat' dir='ltr'>BD,</span> <span class='ocrx_word' id='word_1_300' title='bbox 1521 4811 1839 4899; x_wconf 84' lang='lat' dir='ltr'>[duplum]</span> <span class='ocrx_word' id='word_1_301' title='bbox 1909 4814 2188 4878; x_wconf 89' lang='lat' dir='ltr'>duorum</span> <span class='ocrx_word' id='word_1_302' title='bbox 2257 4813 2727 4896; x_wconf 82' lang='lat' dir='ltr'>quadratorum</span> <span class='ocrx_word' id='word_1_303' title='bbox 2804 4814 3077 4879; x_wconf 90' lang='lat' dir='ltr'>duarum</span> 
     </span>
    </p>
   </div>
   <div class='ocr_carea' id='block_1_3' title="bbox 2706 4970 2771 5021">
    <p class='ocr_par' dir='ltr' id='par_1_4' title="bbox 2706 4970 2771 5021">
     <span class='ocr_line' id='line_1_36' title="bbox 2706 4970 2771 5021; baseline 0 -18"><span class='ocrx_word' id='word_1_304' title='bbox 2706 4970 2771 5021; x_wconf 70' lang='grc'>8*</span> 
     </span>
    </p>
   </div>
  </div>
 </body>
</html>
