3957 6007
1669 608 2087 668 ..43-

641 827 785 908 ΒΝ,
837 827 972 908 FO,
1021 827 1152 892 KZ
1191 837 1254 894 et
1301 830 1447 911 ipsa
1506 831 1676 893 inter
1735 847 1808 893 se
1853 830 2161 914 aequalia
2219 850 2385 897 esse.
2478 831 2696 912 Quare
2743 831 2959 912 spatio
2990 829 3125 895 AF

641 970 790 1015 cum
823 950 1148 1035 quadrato
1179 948 1308 1015 GK
1339 950 1430 1014 ita
1477 951 1857 1029 coniuncm,
1906 957 1976 1014 ut
2022 951 2134 1016 fiat
2179 955 2465 1034 spatium
2498 951 2646 1033 ΑΚ,
2696 950 3113 1017 manifestum

639 1078 758 1151 est,
807 1071 946 1136 fieri
992 1090 1392 1152 gnomonem
1423 1069 1658 1156 ETYl)
1689 1103 1763 1121 π
1790 1073 1833 1135 4
1863 1070 2010 1137 ΑΚ.
2082 1073 2383 1154 Spatium
2414 1071 2547 1137 ΑΚ
2588 1079 2809 1138 autem
2857 1071 3113 1138 duabus

636 1191 827 1258 lineis
869 1190 1028 1273 AB,
1077 1189 1212 1254 BD
1262 1191 1867 1274 comprehenditur,
1938 1194 2255 1276 quoniam
2301 1191 2433 1256 ΒΚ
2472 1227 2547 1244 -=
2586 1191 2752 1272 BD;
2823 1211 3113 1274 gnomon

639 1310 824 1384 ΞΤΥ
849 1313 1044 1394 igitur
1087 1312 1386 1395 aequalis
1432 1319 1534 1376 est
1579 1312 1943 1395 quadruplo
1992 1314 2208 1394 spatio
2258 1312 2515 1378 duabus
2561 1313 2751 1377 lineis
2782 1311 2927 1391 AB,
2975 1310 3111 1376 BD

639 1432 1143 1515 comprehenso.
1223 1432 1302 1497 Et
1341 1434 1474 1497 iam
1510 1433 2035 1498 demonstratum
2082 1439 2202 1516 est,
2248 1435 2533 1515 spatium
2576 1431 2725 1496 ΨΗ
2756 1451 2905 1498 esse
2952 1454 3113 1516 qua-

639 1553 898 1619 dratum
942 1554 1158 1620 lineae
1201 1553 1339 1619 AG.
1431 1553 1769 1635 Quadrato
1826 1554 2025 1634 igitur
2064 1553 2203 1618 ΨΗ
2245 1554 2581 1618 communi
2639 1553 2903 1618 adiecto
2950 1571 3109 1633 gno-

639 1694 796 1738 mon
821 1673 1006 1746 ΞΤΥ
1024 1693 1174 1739 cum
1202 1674 1527 1756 quadrato
1562 1674 1704 1738 ΨΗ
1719 1673 2020 1759 aequalis
2052 1675 2175 1740 erit
2206 1673 2571 1757 quadruplo
2604 1673 2819 1755 spatio
2854 1673 3112 1739 duabus

635 1794 828 1860 lineis
870 1792 1014 1874 AB,
1077 1792 1214 1856 BD
1263 1795 1746 1876 comprehenso
1795 1814 1946 1860 eum
2006 1795 2331 1878 quadrato
2385 1793 2538 1859 ΨΗ.
2632 1793 2761 1861 Sed
2817 1813 3106 1876 gnomon

639 1914 824 1987 ΞΤΥ
865 1935 1015 1979 cum
1062 1915 1386 1999 quadrato
1443 1913 1584 1978 ΨΗ
1623 1915 1921 1998 aequalis
1968 1922 2070 1980 est
2114 1917 2332 1998 spatio
2373 1914 2515 1992 ΑΕ,
2564 1913 2959 1997 quadratum
2989 1913 3121 1979 ΑΕ

636 2043 858 2101 autem
906 2043 1008 2100 est
1053 2035 1446 2119 quadratum
1493 2035 1706 2100 lineae
1759 2033 1914 2100 AD.
2030 2037 2199 2118 Ergo
2270 2034 2663 2119 quadratum
2719 2035 2933 2100 lineae
2974 2034 3109 2099 AD

637 2154 914 2240 aequale
960 2155 1082 2220 erit
1127 2155 1490 2239 quadruplo
1523 2157 1740 2238 spatio
1773 2156 2031 2222 duabus
2061 2156 2253 2221 lineis
2277 2153 2423 2237 AB,
2456 2153 2591 2220 BD
2626 2155 3109 2237 comprehenso

637 2297 788 2342 oum
835 2276 1160 2360 quadrato
1205 2276 1420 2341 lineae
1452 2273 1591 2341 AG.
1677 2275 1752 2357 Q.
1802 2296 1864 2342 n.
1915 2295 1969 2341 e.
2021 2276 2078 2342 d.

807 2396 1297 2462 Demonstratio
1347 2395 1691 2462 Heronis
1737 2416 1870 2462 una
1915 2396 2089 2461 linea
2139 2396 2469 2462 delineata
2516 2397 2685 2462 haec
2733 2401 2863 2461 est:
2933 2395 3107 2476 Qua—

636 2519 894 2583 dratum
952 2517 1168 2581 lineae
1200 2513 1334 2580 AD
1383 2533 1464 2580 ex
1508 2515 1583 2596 ΙΙ,
1629 2518 1672 2580 4
1718 2517 2107 2583 resoluatur.
2198 2516 2527 2596 Quoniam
2582 2517 2777 2598 igitur
2823 2516 3107 2599 quadra-

635 2647 772 2704 tum
828 2638 1042 2703 lineae
1076 2635 1208 2702 AD
1256 2637 1532 2719 aequale
1590 2645 1690 2700 est
1736 2637 1935 2719 duplo
1982 2638 2198 2720 spatio
2257 2636 2513 2701 duabus
2558 2636 2747 2700 lineis
2778 2633 2923 2715 AB,
2969 2634 3106 2700 BD

635 2759 1118 2841 comprehenso
1178 2776 1327 2823 cum
1376 2756 1636 2821 duobus
1681 2757 2023 2841 quadratis
2070 2757 2347 2822 duarum
2401 2757 2724 2822 linearum
2754 2754 2899 2837 AB,
2948 2754 3104 2832 BD,

636 2887 702 2946 et
743 2878 882 2944 BD
929 2879 1084 2943 data
1151 2885 1255 2942 est
1320 2875 1618 2960 aequalis
1688 2879 1855 2960 parti
1899 2875 2044 2958 BG,
2117 2878 2239 2943 erit
2291 2877 2557 2958 duplum
2616 2879 2900 2958 spatium
2947 2877 3105 2942 dua-

633 3001 756 3067 bus
812 3000 1002 3066 lineis
1041 2996 1185 3080 AB,
1233 2997 1355 3064 BG
1403 2999 1958 3081 comprehensum
2020 3019 2170 3064 cum
2231 2997 2491 3063 duobus
2551 2996 2890 3082 quadratis
2948 2996 3103 3063 dua·

633 3141 776 3186 rum
831 3120 1156 3185 linearum
1195 3118 1341 3200 AB,
1399 3117 1522 3183 BG
1584 3119 1906 3202 quadrato
1962 3120 2179 3184 lineae
2221 3117 2355 3183 AD
2414 3118 2710 3201 aequale.
2826 3118 2954 3185 Sed
3023 3138 3105 3184 ex

634 3242 687 3305 11
759 3246 792 3304 7
863 3240 994 3306 duo
1064 3241 1388 3324 quadrata
1459 3239 1735 3305 duarum
1802 3240 2124 3305 linearum
2176 3238 2324 3319 AB,
2394 3236 2515 3301 BG
2582 3239 2888 3322 aequalia
2956 3245 3107 3304 sunt

634 3361 831 3444 duplo
900 3362 1117 3445 spatio
1189 3360 1446 3425 duabus
1513 3359 1702 3425 lineis
1753 3360 1914 3457 AB,
1990 3359 2109 3425 BG
2170 3360 2655 3442 comprehenso
2726 3378 2879 3424 oum
2946 3380 3103 3445 qua-

632 3483 819 3548 drato
865 3481 1081 3548 lineae
1111 3480 1251 3546 AG.
1330 3480 1582 3563 Quibus
1630 3482 2005 3547 coniunctis
2040 3480 2321 3547 efficitur
2350 3481 2784 3565 quadruplum
2817 3482 3103 3563 spatium

633 3602 890 3669 duabus
949 3602 1139 3667 lineis
1170 3601 1315 3681 AB,
1363 3600 1486 3665 BG
1543 3602 2098 3685 comprehensum
2158 3621 2310 3667 oum
2366 3603 2690 3685 quadrato
2734 3601 2951 3669 lineae
2983 3602 3101 3667 AG

631 3723 908 3807 aequale
971 3742 1119 3787 esse
1177 3722 1374 3804 duplo
1433 3724 1649 3805 spatio
1705 3723 1962 3788 duabus
2015 3722 2207 3791 lineis
2240 3720 2385 3803 ΑΒ,
2433 3721 2569 3787 BD
2618 3724 3101 3805 comprehenso

632 3860 782 3908 cum
830 3842 1089 3908 duobus
1135 3837 1476 3927 quadratis
1524 3844 1799 3909 duarum
1845 3844 2166 3909 linearum
2198 3841 2344 3924 AB,
2387 3842 2539 3925 BG;
2589 3844 2765 3928 quod
2813 3844 2944 3910 iam
2991 3846 3101 3910 de-

633 3966 1145 4029 monstrauimus
1177 3964 1454 4047 aequale
1501 3982 1649 4029 esse
1683 3963 2006 4049 quadrato
2052 3964 2267 4029 lineae
2290 3963 2444 4029 AD.
2524 3964 2654 4031 Sed
2686 3962 2809 4029 BG
2836 3997 2911 4015 -ε
2939 3964 3095 4031 BD.

629 4084 796 4167 Ergo
866 4085 1298 4168 quadruplum
1366 4086 1652 4165 spatium
1719 4084 1978 4151 duabus
2043 4085 2235 4150 lineis
2280 4083 2424 4165 AB,
2473 4083 2608 4148 BD
2663 4087 3097 4169 comprehen-

628 4225 774 4271 sum
821 4224 968 4270 oum
1018 4205 1341 4289 quadrato
1383 4204 1506 4269 AG
1552 4206 1828 4290 aequale
1875 4211 1975 4271 est
2021 4205 2345 4290 quadrato
2390 4206 2605 4271 lineae
2646 4204 2800 4272 AD.
2879 4206 2956 4271 Et
2999 4226 3095 4272 re-

754 4567 794 4633 ¹)
831 4566 1026 4621 Litera
1065 4580 1141 4621 ω
1181 4567 1278 4637 (T)
1315 4567 1374 4620 in
1409 4566 1588 4635 figura
1623 4567 1797 4623 deest.

746 4688 786 4753 ¹)
833 4686 1028 4743 Scriba
1073 4688 1312 4741 uerbum
1357 4689 1598 4757 primurn
1664 4672 1932 4801 [5120
2005 4688 2275 4757 scriptum
2330 4690 2478 4741 recte
2542 4688 2865 4743 emendauit
2925 4692 2978 4743 et
3032 4688 3091 4742 in

829 4808 1080 4877 margine
1123 4790 1333 4863 clarius
1369 4808 1620 4879 scripsit:
1656 4793 1883 4873 [ad-‘32

2717 4968 2783 5017 6*
