3957 6007
1630 621 2013 680 -9-

583 857 841 904 summa
905 857 1131 904 eorum
1198 839 1414 922 spatio
1476 836 1597 903 GZ
1659 839 1954 923 aequalis
2024 847 2143 912 est,
2214 839 2391 924 quod
2459 844 2742 922 spatium
2811 861 2893 906 ex
2952 859 3054 922 ec,

590 960 762 1042 quod
811 959 942 1024 iam
992 960 1616 1040 demonstrauimuS,
1662 961 1862 1024 rectis
1907 963 1987 1040 A,
2034 959 2159 1024 BG
2204 961 2801 1042 comprehenditur.

753 1079 920 1161 Ergo
990 1081 1121 1146 iam
1200 1079 1568 1158 effecimuS,
1651 1080 1934 1162 spatium
2003 1081 2202 1146 rectis
2270 1083 2361 1160 A,
2430 1080 2552 1146 BG
2620 1083 3051 1164 comprehen-

581 1219 724 1264 sum
772 1219 1072 1266 summae
1117 1201 1512 1282 spatiorum,
1573 1219 1744 1283 quae
1790 1208 1974 1266 recta
2019 1202 2076 1266 A
2126 1207 2190 1268 et
2236 1201 2506 1284 singulis
2553 1203 2849 1283 partibus
2897 1202 3050 1285 BD,

585 1318 740 1399 DE,
786 1319 909 1384 EG
957 1321 1626 1402 comprehenduntur,
1675 1321 1955 1404 aequale
2004 1340 2172 1387 esse.
2266 1321 2339 1402 Q.
2390 1342 2451 1387 n.
2500 1341 2556 1388 e.
2606 1323 2665 1387 d.

751 1439 1432 1506 Additamentum.
1546 1440 2065 1523 Exemplificatio
2134 1443 2325 1508 huius
2394 1445 2867 1525 propositionis
2934 1461 3053 1526 per

581 1579 911 1626 numeros,

750 1681 849 1748 Sit
905 1680 1083 1746 linea
1125 1683 1186 1748 A
1233 1685 1292 1762 6,
1354 1682 1528 1748 linea
1581 1680 1704 1746 BG
1757 1687 1852 1762 10,
1925 1683 2139 1765 sitque
2199 1681 2334 1746 BD
2383 1689 2442 1763 2,
2512 1682 2656 1747 ΒΕ
2691 1687 2749 1764 3,
2820 1683 2948 1748 GE
2989 1689 3043 1750 5.

579 1799 996 1867 Manifestum
1022 1809 1160 1888 est,
1210 1821 1358 1868 esse
1397 1807 1436 1866 6
1483 1817 1540 1872 ><
1590 1807 1666 1866 10
1703 1835 1778 1854 ==
1813 1806 1916 1882 60,
1965 1821 2137 1886 quae
2183 1803 2488 1886 aequalia
2534 1810 2685 1868 sunt
2730 1823 3045 1884 summae,

579 1939 748 2004 quae
796 1939 876 1986 ex
909 1926 948 1984 2
981 1929 1047 1986 et
1077 1927 1114 1986 3
1149 1931 1214 1988 et
1248 1929 1284 1986 5
1331 1925 1548 1988 sexies
1593 1923 2041 2005 multiplicatis
2089 1922 2173 2004 fit,
2224 1925 2535 2006 quoniam
2570 1928 2607 1988 6
2656 1939 2711 1992 ><
2756 1929 2794 1988 2
2831 1957 2907 1975 a-
2947 1929 3045 2006 12,

577 2045 615 2106 6
661 2056 716 2110 ><
763 2047 800 2106 3
837 2075 908 2093 ==
953 2047 1050 2122 18,
1099 2045 1137 2106 6
1185 2057 1240 2112 ><
1287 2048 1324 2108 5
1359 2077 1435 2095 ε
1472 2048 1572 2124 30,
1623 2062 1901 2126 quorum
1948 2063 2371 2109 numerorum
2419 2063 2676 2109 summa
2725 2051 2825 2110 est
2855 2048 2958 2112 60.

746 2163 1016 2228 Heron
1063 2164 1298 2230 dixit:
1345 2163 1520 2230 Fieri
1565 2183 1700 2229 non
1746 2169 1983 2245 potest,
2033 2171 2103 2229 ut
2145 2165 2313 2229 haec
2360 2165 2725 2246 propositio
2774 2165 3046 2232 demon-

575 2289 816 2348 stretur
860 2284 986 2348 nisi
1034 2283 1292 2349 duabus
1335 2285 1536 2351 rectis
1583 2283 1776 2349 simul
1822 2283 2199 2364 delineatis;
2248 2291 2516 2350 ceterae
2548 2293 2769 2351 autem
2802 2306 3044 2369 propo—

576 2403 849 2470 sitiones
905 2423 1038 2470 una
1097 2411 1348 2470 tantum
1393 2410 1580 2470 recta
1627 2403 1956 2469 delineata
2003 2404 2441 2469 demonstrari
2487 2413 2780 2487 possunt.
2872 2407 3043 2472 Fieri

575 2525 772 2589 etiam
852 2531 1096 2606 potest,
1178 2531 1248 2588 ut
1320 2543 1452 2590 una
1518 2524 1694 2589 linea
1763 2525 1919 2589 data
1988 2524 2153 2590 duas
2218 2527 2512 2590 rationes
2579 2525 3039 2608 ingrediamur,

574 2663 850 2727 quarum
897 2645 1104 2710 altera
1150 2651 1252 2710 est
1297 2644 1647 2728 analytica,
1696 2644 1903 2710 altera
1947 2645 2338 2728 synthetica.

745 2765 1135 2848 Analysis
1196 2771 1418 2830 autem
1471 2765 1642 2830 ratio
1689 2765 1857 2830 haec
1904 2773 2024 2831 est.
2119 2764 2521 2846 Quaestione
2567 2767 2787 2850 aliqua
2848 2767 3040 2832 nobis

573 2885 911 2967 proposita
959 2886 1266 2950 dicimus:
1340 2885 1516 2968 quod
1563 2887 1896 2968 quaeritur
1940 2887 2073 2950 iam
2122 2887 2458 2952 inuentum
2498 2887 2929 2968 supponimus
2976 2894 3042 2952 et

573 3006 810 3072 deinde
874 3007 939 3071 in
985 3025 1124 3072 rem
1170 3007 1304 3071 iam
1349 3013 1548 3071 antea
1595 3007 2113 3072 demonstratam
2166 3007 2606 3073 dissoluimus
2700 3007 2795 3072 Re
2843 3008 3037 3073 nobis

573 3126 1043 3208 demonstrata,
1113 3128 1288 3209 quod
1357 3129 1709 3211 quaeritur,
1781 3144 1900 3208 per
1958 3127 2279 3211 analysim
2334 3127 2675 3194 inuentum
2735 3146 2884 3193 esse
2940 3128 3037 3193 di-

572 3248 866 3331 cimu5.*)

741 3368 814 3433 In
875 3367 1247 3451 synthesi
1293 3386 1334 3431 a
1379 3368 1576 3433 rebus
1623 3369 1797 3433 notis
1844 3366 2238 3449 incipientes
2282 3368 2541 3434 ratione
2589 3369 3033 3450 componendi

569 3489 826 3569 utimur,
877 3488 1091 3553 donec
1137 3490 1477 3552 inuentum
1523 3489 1622 3569 sit,
1672 3487 1850 3570 quod
1895 3489 2248 3571 quaeritur.
2329 3488 2470 3554 Hoc
2515 3489 2714 3554 modo
2760 3492 3035 3555 demon-

567 3610 798 3674 stratio
845 3610 988 3674 eius
1034 3608 1210 3691 quod
1258 3609 1591 3690 quaeritur
1636 3609 1746 3673 uia
1790 3608 2162 3690 synthetica
2207 3607 2659 3693 perficitur.**)

739 3730 854 3793 His
912 3728 1111 3793 rebus
1159 3728 1519 3810 explicatiS,
1581 3747 1751 3811 quae
1799 3728 2197 3810 quaerimuS,
2245 3729 2609 3794 secundum
2656 3729 2833 3795 dicta
2878 3748 3029 3813 pro—

569 3852 902 3933 missaque
948 3856 1175 3915 nostra
1219 3845 1696 3931 adgrediamur.

739 3970 880 4035 Hoc
929 3970 1104 4048 dicit,
1163 3988 1254 4049 se,
1303 3988 1474 4052 quae
1519 3969 1629 4034 hic
1676 3970 2067 4051 promiserit,
2124 3969 2191 4032 in
2238 3969 2505 4053 reliquis
2550 3970 2834 4036 Euclidis
2880 3989 3031 4052 pro-

568 4090 1008 4173 positionibus
1053 4091 1244 4155 huius
1289 4089 1438 4154 libri
1484 4088 1760 4155 secundi
1807 4088 2423 4154 demonstraturum.

669 4740 722 4810 *)
776 4740 885 4796 Csr.
921 4740 1135 4795 Euclid.
1173 4740 1287 4795 uol.
1324 4740 1396 4795 IV
1429 4758 1481 4810 p.
1518 4743 1635 4807 364,
1674 4740 1740 4794 18
1777 4756 1894 4809 sqq.

635 4827 720 4897 **)
777 4827 884 4883 Cfr.
921 4827 1134 4886 Euclid.
1171 4828 1284 4881 uol.
1324 4826 1392 4881 IV
1429 4844 1481 4899 p.
1517 4830 1634 4893 366,
1678 4830 1700 4879 1
1741 4842 1859 4897 sqq.
