3957 6007
1621 585 2043 644 -77-

767 803 1388 870 DemonstratiO.
1443 805 1533 870 Ex
1566 804 1610 884 Ι,
1649 809 1726 868 12
1761 803 1849 891 [S.
1889 803 1993 892 11]
2026 806 2095 870 in
2141 811 2387 887 puncto
2418 804 2479 869 A
2510 805 2725 870 lineae
2758 803 2879 870 AG
2908 823 3059 887 per-

592 922 1086 1005 pendicularem
1125 923 1261 989 AD
1305 925 1494 991 lateri
1533 923 1660 989 AB
1705 925 2053 1009 aequalem
2098 925 2409 1007 erigimus
2454 931 2521 990 et
2560 923 2693 989 DG
2739 925 3058 991 ducimus,

592 1043 919 1108 Adhibitis
950 1045 1146 1126 igitur
1174 1044 1736 1127 propositionibus
1767 1045 1814 1125 Ι,
1846 1048 1927 1110 46
1963 1052 2027 1112 et
2065 1047 2109 1124 1,
2142 1047 2225 1109 45
2261 1043 2411 1132 [scr.
2448 1043 2577 1132 25],
2612 1046 2784 1111 sicut
2814 1045 3064 1110 factum

593 1171 694 1229 est
718 1165 785 1229 in
809 1166 1262 1247 propositione
1296 1171 1448 1230 ante
1484 1167 1658 1230 hanc
1692 1166 2214 1248 propositionem
2245 1165 2527 1242 adiecta,
2563 1165 2818 1230 scilicet
2847 1165 2915 1229 in
2948 1185 3065 1230 an-

591 1283 740 1366 gulo
767 1283 1028 1364 obtuso,
1056 1285 1678 1367 demonstrabimus,
1707 1286 2017 1368 angulum
2031 1284 2217 1351 BAG
2242 1291 2509 1351 acutum
2535 1304 2702 1350 esse.
2752 1285 2827 1366 Q.
2845 1306 2905 1351 n.
2925 1304 2981 1349 e.
3001 1286 3061 1350 d.

1209 1509 1625 1594 propositio
1670 1509 1844 1576 XIV
1891 1510 2072 1576 libri
2118 1509 2447 1578 secundi.

760 1663 968 1730 Nobis
1025 1663 1611 1729 demonstrandum
1672 1670 1804 1745 est,
1875 1683 2007 1749 quo
2066 1664 2264 1730 modo
2322 1664 2609 1746 spatium
2668 1663 3059 1747 quadratum

589 1783 913 1866 triangulo
958 1784 1114 1850 dato
1163 1784 1441 1868 aequale
1488 1791 1969 1850 construamus,

759 1903 964 1970 Datus
992 1905 1358 1986 triangulus
1389 1905 1473 1969 sit
1517 1905 1880 1987 triangulus
1909 1903 2119 1970 ABG.
2196 1904 2795 1970 Demonstrandum
2840 1905 3054 1987 igitur,

586 2044 718 2108 quo
779 2025 976 2090 modo
1037 2025 1322 2108 spatium
1379 2026 1772 2109 quadratum
1833 2025 2160 2108 triangulo
2193 2023 2377 2090 ABG
2422 2024 2702 2110 aequale
2750 2032 3055 2091 constru-

587 2163 797 2211 amus,

755 2265 848 2330 Ex
895 2265 940 2346 Ι,
999 2270 1082 2330 42
1129 2266 1415 2349 spatium
1477 2265 2157 2348 parallelogrammum
2215 2265 2669 2348 rectangulum
2728 2266 3054 2349 triangulo

586 2384 773 2451 ABG
817 2387 1096 2470 aequale
1144 2387 1616 2466 construimus;
1666 2387 1750 2450 sit
1781 2385 1941 2452 DH.
2033 2387 2101 2453 Si
2148 2387 2340 2468 igitur
2385 2387 2669 2469 spatium
2708 2385 2857 2451 ΒΗ
2893 2406 3054 2470 qua-

587 2507 843 2573 dratum
901 2514 1019 2589 est,
1079 2507 1209 2572 iam
1269 2508 1776 2587 construximus,
1835 2507 2011 2592 quod
2071 2507 2264 2572 nobis
2321 2514 2463 2573 erat
2519 2507 3055 2574 construendum.

585 2627 700 2694 Sin
744 2627 953 2694 latera
998 2628 1376 2712 inaequalia
1421 2626 1642 2701 habet,
1687 2627 1860 2693 latus
1893 2627 2035 2691 DE
2057 2626 2261 2693 latere
2294 2626 2430 2692 ΕΗ
2454 2627 2667 2693 maius
2714 2646 2863 2693 esse
2909 2649 3055 2711 sup-

585 2749 891 2830 ponimus
947 2754 1011 2814 et
1057 2747 1199 2813 DE
1236 2751 1304 2814 in
1360 2749 1681 2813 directum
1739 2748 2199 2830 producimuS,
2257 2749 2472 2813 donec
2528 2747 2703 2812 linea
2760 2767 2801 2812 a
2857 2749 3053 2814 nobis

584 2869 782 2934 ducta
813 2868 1111 2952 aequalis
1155 2869 1271 2934 fiat
1313 2871 1527 2935 lineae
1559 2868 1694 2932 ΕΗ
1704 2889 1718 2948 ;
1765 2869 1851 2934 sit
1879 2869 2029 2933 ΕΘ.
2106 2868 2244 2933 lam
2277 2865 2504 2956 [linea]
2538 2867 2675 2933 ΒΘ
2703 2869 2771 2932 in
2804 2875 3051 2950 puncto

581 2987 658 3051 K
679 3007 760 3054 ex
791 2989 836 3071 Ι,
889 2993 967 3090 19
1007 2991 1077 3055 in
1122 2990 1289 3055 duas
1334 2997 1557 3072 partes
1603 2989 1916 3075 aequales
1962 2989 2176 3056 diuisa
2223 2995 2455 3055 centro
2488 2987 2555 3053 K
2585 2995 2651 3055 et
2693 2989 2881 3056 radio
2914 2988 3053 3054 ΚΚ

581 3108 862 3197 [SKD]
910 3112 1398 3177 semicirculum
1429 3109 1628 3176 DLo
1672 3085 2112 3177 describimus
2158 3118 2223 3175 et
2271 3130 2352 3175 ex
2397 3109 2443 3187 Ι,
2494 3114 2573 3174 12
2622 3128 2663 3175 a
2708 3119 2957 3193 puncto
2988 3112 3057 3176 Ε

581 3230 1190 3313 perpendicularem
1224 3230 1345 3295 ΕΒ
1391 3231 1699 3312 erigimus
1744 3231 2121 3313 lineamque
2154 3229 2283 3295 ΚΕ
2321 3230 2642 3296 ducimus
2719 3230 3050 3311 Quoniam

579 3351 775 3431 igitur
794 3350 972 3416 linea
997 3350 1131 3416 1)Θ
1153 3352 1220 3415 in
1253 3358 1498 3433 puncto
1532 3350 1592 3414 Κ
1612 3353 1682 3415 in
1713 3351 1879 3416 duas
1911 3358 2134 3433 partes
2166 3351 2478 3435 aequales
2510 3351 2724 3416 diuisa
2759 3359 2862 3417 est
2885 3359 2951 3417 et
2981 3352 3049 3416 in

578 3478 830 3554 puncto
862 3471 932 3535 Ε
953 3473 1022 3537 in
1053 3472 1231 3537 duas·
1251 3478 1474 3554 partes
1505 3471 1911 3554 inaequales,
1947 3490 2028 3537 ex
2059 3472 2135 3553 Il,
2175 3476 2212 3535 5
2245 3472 2528 3553 spatium
2563 3471 2822 3537 duabus
2854 3472 3047 3538 lineis

577 3590 732 3673 DE,
788 3592 914 3657 ΕΘ
965 3594 1516 3674 comprehensum
1577 3611 1728 3657 cum
1786 3592 2110 3675 quadrato
2167 3592 2381 3657 lineae
2414 3591 2552 3655 ΚΕ
2590 3591 2866 3675 aequale
2925 3594 3045 3657 erit

577 3712 902 3795 quadrato
933 3712 1147 3778 lineae
1177 3712 1316 3778 ΚΘ.
1388 3714 1518 3780 Sed
1547 3711 1762 3778 ΚΘΕ
1782 3710 1928 3793 KL,
1963 3714 2279 3796 quoniam
2311 3719 2589 3795 utraque
2622 3732 2663 3777 a
2694 3718 2926 3778 centro
2960 3712 3046 3778 ad

576 3832 896 3897 ambitum
963 3833 1191 3899 circuli
1248 3834 1446 3899 d'ucta
1507 3841 1636 3913 est3
1706 3834 1928 3918 itaque
1988 3832 2273 3915 spatium
2334 3833 2593 3898 duabus
2650 3832 2843 3897 lineis
2889 3832 3043 3914 DE,

575 3952 700 4017 ΕΘ
757 3954 1310 4036 comprehensum
1367 3973 1518 4019 cum
1579 3953 1903 4037 quadrato
1958 3952 2175 4019 lineae
2222 3952 2355 4017 ΚΕ
2390 3954 2667 4037 aequale
2726 3960 2827 4019 est
2880 3973 3043 4037 qua-

576 4071 765 4138 drato
821 4073 1035 4139 lineae
1069 4072 1216 4139 KL.
1309 4074 1438 4141 Sed
1496 4093 1577 4139 ex
1632 4074 1689 4154 1,
1744 4076 1828 4138 46
1886 4074 2282 4156 quadratum
2337 4073 2553 4137 lineae
2588 4072 2715 4137 ΚΕ
2760 4074 3042 4157 aequale

575 4200 676 4257 est
741 4213 1040 4259 summae
1107 4196 1387 4261 duorum
1454 4195 1924 4279 quadratorum
1997 4194 2273 4258 duarum
2340 4194 2662 4259 linearum
2704 4193 2850 4275 ΚΕ,
2898 4193 3041 4275 EL,

576 4316 900 4396 quoniam.
939 4316 1216 4397 angulus
1247 4314 1440 4380 KEL
1482 4323 1704 4380 rectus
1751 4321 1882 4395 est;
1951 4314 2174 4397 itaque
2221 4315 2505 4398 spatium
2553 4314 2810 4380 duabus
2854 4315 3047 4380 lineis

574 4432 727 4514 DE,
776 4434 906 4500 ΕΘ
950 4436 1503 4520 comprehensum
1551 4454 1702 4500 cum
1748 4435 2071 4519 quadrato
2118 4434 2331 4500 lineae
2364 4434 2499 4498 ΚΕ
2536 4454 2835 4500 summae
2881 4435 3044 4502 duo-

573 4574 717 4619 rum
763 4556 1231 4639 quadratorum
1280 4558 1556 4623 duarum
1601 4555 1990 4641 linearum*)
2024 4554 2171 4633 ΚΕ,
2204 4555 2327 4620 EL
2358 4556 2637 4640 aequale
2684 4561 2801 4621 est.
2874 4557 3041 4624 Sub-

687 4796 740 4863 *)
777 4795 959 4864 Supra
993 4813 1042 4865 p.
1082 4798 1144 4849 ’11
1185 4812 1266 4865 sq.
