3957 6007
1625 603 2049 666 -51-

607 843 752 889 mae
787 824 1020 906 duplae
1054 824 1332 888 duorum
1364 824 1832 906 quadratorum
1865 823 2143 889 duarum
2189 823 2509 889 linearum
2540 822 2679 902 AG,
2713 819 2864 887 GD.
2942 823 3071 889 Sed

606 963 687 1008 ex
732 944 776 1023 Ι,
825 947 906 1010 46
952 963 1208 1010 summa
1253 936 1530 1011 duoru'm
1579 944 2049 1028 quadratorum
2096 943 2373 1009 duarum
2416 944 2737 1008 linearum
2768 943 2909 1021 ΑΕ,
2956 940 3082 1008 ΕΖ

605 1065 899 1148 aequalis
945 1071 1045 1130 est
1089 1064 1414 1149 quadrato
1457 1064 1675 1130 lineae
1706 1064 1843 1141 AZ,
1892 1065 2048 1149 quia
2092 1061 2386 1136 ᾼΑΕΖ
2421 1071 2645 1129 rectus
2691 1071 2819 1144 est;
2869 1081 3073 1147 quare

606 1184 998 1269 quadratum
1049 1184 1262 1251 lineae
1295 1183 1419 1250 AZ
1458 1185 1736 1269 aequale
1783 1185 1906 1250 erit
1949 1202 2247 1250 summae
2294 1184 2531 1266 duplae
2578 1184 2857 1250 duorum
2910 1204 3073 1268 qua-

605 1305 940 1370 dratorum
987 1306 1261 1371 duarum
1305 1305 1626 1372 linearum
1657 1307 1797 1385 AG',
1846 1303 1997 1370 GD.
2076 1305 2205 1371 Sed
2252 1323 2333 1370 ex
2379 1303 2424 1384 Ι,
2470 1306 2555 1368 46
2601 1324 2862 1370 summa
2909 1305 3073 1370 duo-

601 1445 746 1490 rum
803 1426 1272 1510 quadratorum
1330 1427 1606 1491 duarum
1661 1425 1983 1492 linearum
2025 1423 2182 1505 AD,
2230 1424 2375 1490 DZ
2407 1425 2705 1509 aequalis
2769 1432 2871 1490 est
2916 1445 3074 1509 qua-

604 1546 792 1611 drato
823 1547 1038 1612 lineae
1062 1545 1212 1627 ΑΖ;
1246 1547 1470 1631 itaque
1503 1565 1761 1611 summa
1793 1546 2072 1611 duorum
2106 1545 2576 1628 quadratorum
2610 1546 2884 1611 duarum
2916 1547 3075 1611 line·

607 1685 793 1731 arum
822 1664 978 1747 AD,
1028 1665 1164 1730 DZ
1191 1666 1489 1751 aequalis
1564 1673 1664 1732 est
1709 1666 1907 1748 duplo
1956 1665 2233 1732 duorum
2282 1667 2751 1749 quadratorum
2798 1667 3076 1732 duarum

604 1785 924 1852 linearum
965 1785 1105 1866 AG,
1169 1784 1322 1850 ΘΙ).
1412 1787 1548 1851 Iam
1618 1795 1840 1853 autem
1909 1787 2533 1866 demonstrauimuS‚
2606 1784 2897 1875 [lineam]
2947 1786 3090 1854 DZ

606 1905 950 1990 aequalem
1011 1925 1158 1973 esse
1215 1907 1431 1972 lineae
1474 1904 1629 1972 DB.
1723 1907 1892 1990 Ergo
1949 1927 2208 1973 summa
2268 1908 2547 1973 duorum
2604 1907 3077 1990 quadratorum

608 2027 884 2093 duarum
941 2027 1263 2093 linearum
1296 2025 1451 2107 AD,
1500 2027 1639 2091 ΗΒ
1685 2028 1983 2110 aequalis
2044 2036 2143 2093 est
2202 2029 2397 2110 duplo
2456 2028 2733 2093 duorum
2794 2029 3075 2113 quadra-

606 2155 822 2213 torum
869 2147 1146 2213 duarum
1190 2148 1512 2213 linearum
1544 2145 1684 2228 AG,
1734 2146 1867 2211 BD
1902 2146 2061 2235 [scr.
2108 2146 2285 2236 GD}
2364 2149 2437 2229 Q.
2488 2169 2549 2214 n.
2600 2167 2655 2214 e.
2704 2149 2764 2215 d.

776 2267 846 2334 Si
891 2269 1063 2333 hanc
1113 2269 1632 2352 propositionem
1684 2286 1762 2333 ex
1819 2270 2077 2334 ratione
2126 2269 2407 2334 Heronis
2466 2269 2599 2334 uia
2656 2270 3076 2354 analytica

607 2389 1062 2455 demonstrare
1140 2390 1576 2470 uoluerimuS,
1636 2391 1769 2454 iam
1839 2387 1942 2475 [ex
1992 2390 2067 2470 11,
2128 2389 2257 2476 4]¹)
2326 2389 2603 2470 seimus,
2684 2391 3076 2474 quadratum

605 2509 818 2574 lineae
848 2509 982 2574 AD
1029 2508 1306 2593 aequale
1340 2528 1487 2575 esse
1521 2509 1720 2592 duplo
1765 2512 1982 2591 spatio
2031 2509 2288 2575 duabus
2336 2511 2523 2575 lineis
2554 2509 2693 2594 AG,
2728 2509 2859 2578 GD
2893 2532 3074 2578 com-

608 2631 934 2712 prehenso
1010 2649 1161 2694 eum
1238 2630 1496 2695 duobus
1573 2630 1914 2713 quadratis
1992 2630 2269 2695 duarum
2336 2631 2654 2696 linearum
2713 2631 2853 2709 AG,
2924 2632 3073 2698 GD.

607 2751 876 2817 Summa
932 2751 1126 2832 igitur
1183 2751 1460 2816 duorum
1519 2750 1991 2834 quadratorum
2051 2751 2325 2816 duarum
2386 2751 2707 2818 linearum
2737 2751 2891 2833 AI),
2940 2751 3079 2816 DB

606 2871 697 2934 ita
741 2870 1032 2935 resoluta
1079 2878 1196 2950 est,
1248 2877 1315 2935 ut
1363 2870 1523 2936 fiant
1567 2871 1870 2955 aequalia
1918 2872 2116 2954 duplo
2164 2874 2381 2954 spatio
2414 2872 2671 2938 duabus
2715 2874 2903 2938 lineis
2934 2873 3075 2954 AG,

605 2988 734 3055 GD
784 2991 1265 3073 comprehenso
1324 3012 1475 3057 eum
1532 2991 1790 3057 duobus
1853 2991 2194 3076 quadratis
2257 2994 2534 3061 duarum
2580 2994 2899 3061 linearum
2931 2994 3073 3079 AG,

604 3110 734 3175 ΘΙ)
769 3118 834 3177 et
865 3111 1188 3195 quadrato
1220 3111 1375 3178 BD.
1439 3112 1574 3177 Iam
1612 3112 1806 3177 nobis
1837 3113 2428 3180 demonstrandum
2460 3123 2579 3195 est,
2614 3115 2879 3198 duplum
2912 3116 3076 3183 duo-

607 3252 748 3297 rum
795 3234 1262 3317 quadratorum
1311 3233 1585 3297 duarum
1633 3234 1956 3298 linearum
1988 3232 2129 3313 AG,
2177 3233 2308 3299 ΘΙ)
2355 3236 2635 3319 aequale
2682 3254 2828 3301 esse
2877 3235 3075 3319 duplo

607 3354 821 3435 spatio
880 3352 1136 3419 duabus
1192 3353 1382 3419 lineis
1423 3350 1562 3433 AG,
1611 3351 1743 3417 GD
1792 3356 2279 3436 comprehenso
2340 3363 2402 3420 et
2452 3375 2748 3422 summae
2796 3358 3077 3422 duorum

607 3475 1074 3557 quadratorum
1134 3474 1410 3539 duarum
1466 3472 1790 3539 linearum
1818 3474 1957 3556 AG,
2006 3474 2137 3540 ΘΙ)
2186 3482 2251 3541 et
2309 3476 2632 3560 quadrato
2663 3475 2820 3543 BD.
2910 3478 3075 3545 Sub·

605 3597 835 3659 tractis
895 3594 1152 3661 duobus
1210 3595 1548 3679 quadratis
1579 3593 1720 3671 AG,
1790 3594 1920 3659 ΘΙ)
1991 3597 2455 3662 communibus
2515 3597 2903 3681 relinquitur
2957 3601 3077 3664 du-

607 3714 782 3796 plum
815 3716 1098 3797 spatium
1131 3715 1388 3781 duabus
1421 3716 1614 3781 lineis
1641 3714 1778 3797 AG,
1811 3714 1943 3779 ΘΙ)
1977 3718 2533 3799 comprehensum
2566 3738 2715 3783 cum
2752 3720 3075 3803 quadrato

604 3834 818 3901 lineae
849 3834 987 3899 BD
1034 3855 1330 3901 summae
1361 3837 1666 3901 duorum
1723 3837 2195 3921 quadratorum
2258 3839 2534 3904 duarum
2580 3839 2901 3905 linearum
2934 3838 3071 3921 AG,

605 3952 736 4019 ΟΒ
782 3955 1077 4039 aequale.
1171 3956 1300 4023 Sed
1331 3954 1450 4021 AG'
1480 3988 1555 4006 ==
1583 3955 1724 4021 GB.
1816 3958 2087 4024 Summa
2146 3960 2334 4040 igitur
2393 3959 2669 4025 duorum
2717 3959 3073 4043 quadrato-

605 4095 749 4141 rum
805 4076 1082 4141 duarum
1134 4076 1455 4142 linearum
1487 4076 1629 4157 BG,
1677 4075 1808 4141 GD
1857 4077 2055 4160 duplo
2116 4080 2333 4161 spatio
2391 4080 2648 4145 duabus
2706 4080 2898 4145 lineis
2928 4080 3073 4163 BG,

606 4194 735 4261 ΘΙ)
795 4197 1275 4279 comprehenso
1334 4216 1484 4261 eum
1542 4197 1866 4281 quadrato
1923 4199 2141 4264 lineae
2182 4199 2321 4264 BD
2378 4201 2673 4283 aequalis
2733 4207 2849 4265 est.
2943 4201 3074 4268 Sed

604 4337 683 4382 ex
731 4317 805 4397 11,
856 4322 891 4381 7
938 4336 1196 4383 summa
1242 4318 1520 4382 duorum
1570 4317 2041 4402 quadratorum
2089 4321 2367 4385 duarum
2409 4320 2731 4387 linearum
2762 4319 2903 4402 BG,
2943 4319 3075 4385 ΟΒ

605 4437 900 4521 aequalis
957 4446 1056 4503 est
1112 4437 1308 4519 duplo
1369 4438 1586 4520 spatio
1648 4439 1905 4504 duabus
1965 4438 2157 4505 lineis
2199 4438 2340 4522 BG,
2402 4438 2533 4505 GD
2594 4442 3074 4523 comprehenso

605 4577 756 4623 eum
815 4559 1137 4642 quadrato
1193 4558 1408 4623 lineae
1440 4556 1595 4623 BD.
1689 4558 2177 4625 Demonstratio
2235 4561 2429 4641 igitur
2485 4561 2776 4627 resoluta
2833 4569 2932 4627 est
2989 4564 3074 4627 ad

730 4818 769 4883 ¹)
807 4814 1039 4869 Numeri
1074 4814 1132 4867 in
1171 4814 1368 4869 codice
1408 4815 1608 4869 omissi
1647 4820 1795 4873 sunt.
