3957 6007
642 832 831 896 drato
863 829 992 894 GK
1035 828 1315 913 aequale
1377 834 1478 894 est
1524 827 1722 910 duplo
1769 829 1987 910 spatio
2050 826 2307 893 duabus
2352 827 2543 892 lineis
2575 825 2719 905 ΑΒ,
2768 824 2889 890 ΒΘ
2936 841 3113 890 com·-

641 951 970 1033 prehenso
1028 970 1180 1016 cum
1238 949 1562 1034 quadrato
1619 948 1836 1014 lineae
1869 946 2009 1014 ΑΘ.
2112 947 2355 1014 Uerum
2413 947 2806 1032 quadratum
2836 947 2968 1012 ΑΕ
3017 953 3118 1011 est

643 1070 1034 1156 quadratum
1099 1071 1315 1135 lineae
1360 1067 1508 1150 AB,
1577 1069 1970 1152 quadratum
2031 1067 2161 1132 ΘΚ
2226 1067 2617 1152 quadratum
2696 1066 2912 1132 lineae
2972 1065 3113 1131 ΘΒ.

643 1192 810 1274 Ergo
859 1192 1252 1275 quadratum
1284 1189 1415 1254 AE'
1452 1208 1602 1255 eum
1651 1190 1976 1272 quadrato
2011 1187 2140 1254 ΘΚ
2182 1190 2461 1272 aequale
2509 1196 2609 1254 est
2656 1188 2853 1270 duplo
2900 1188 3116 1270 spatio

646 1312 902 1378 duabus
968 1312 1158 1377 lineis
1219 1310 1367 1392 AB,
1426 1307 1553 1374 ΒΘ
1620 1309 2103 1393 comprehenso
2174 1316 2237 1374 et
2305 1311 2627 1393 quadrato
2702 1309 2915 1374 lineae
2975 1305 3115 1373 ΑΘ.

645 1433 718 1514 Q.
768 1453 828 1498 n.
880 1451 934 1498 e.
986 1432 1047 1497 d.

657 1571 664 1576 ·
817 1553 885 1620 Si
931 1554 1106 1618 hanc
1153 1551 1674 1634 propositionem
1721 1552 1897 1616 nulla
1930 1549 2135 1632 figura
2182 1549 2479 1614 adbibita
2524 1552 2653 1615 uia
2699 1548 3119 1634 analytica

646 1675 1102 1739 demonstrare
1168 1675 1493 1752 uolumuS,
1571 1673 1968 1756 quaerimuS,
2048 1690 2177 1770 quo
2248 1671 2445 1735 modo
2514 1689 2773 1735 summa
2841 1671 3119 1735 duorum

647 1795 1117 1878 quadratorum
1179 1795 1455 1861 duarum
1511 1793 1834 1858 linearum
1888 1789 2048 1872 AB,
2116 1789 2240 1855 ΒΘ
2298 1791 2671 1856 resoluatur
2726 1768 2794 1854 in
2853 1789 3119 1872 duplum

646 1915 929 1996 spatium
1001 1915 1258 1981 duabus
1326 1915 1518 1980 lineis
1550 1911 1711 1993 AB,
1783 1911 1904 1976 ΒΘ
1962 1912 2516 1994 comprehensum
2584 1931 2734 1976 cum
2795 1911 3119 1994 quadrato

647 2035 863 2100 lineae
895 2034 1037 2117 ΑΘ,
1085 2037 1176 2100 ita
1221 2041 1294 2100 ut
1338 2035 1645 2119 aequalia
1691 2034 1838 2098 sint.

819 2155 1132 2236 DieimuS‚
1181 2155 1573 2239 quadratum
1623 2151 1888 2240 [lineae]
1919 2151 2049 2216 AB
2078 2153 2163 2218 ad
2196 2152 2272 2235 11,
2318 2155 2361 2216 4
2405 2152 2679 2232 resolui3
2729 2155 3121 2237 quadratum

651 2277 825 2341 enim
872 2276 1087 2341 lineae
1118 2273 1245 2341 AB
1291 2274 1568 2358 aequale
1617 2281 1715 2340 est
1761 2291 2059 2339 summae
2118 2274 2394 2338 duarum
2451 2274 2921 2358 quadratorum
2964 2275 3121 2340 dua·

652 2417 794 2462 rum
849 2396 1171 2461 linearum
1212 2395 1354 2476 AG,
1409 2393 1532 2460 ΘΒ
1589 2402 1654 2459 et
1710 2393 1907 2476 duplo
1968 2395 2187 2476 spatio
2245 2393 2502 2460 duabus
2558 2394 2751 2460 lineis
2795 2392 2935 2476 ΑΘ,
2999 2393 3123 2459 ΘΒ

653 2516 1155 2598 comprehenso.
1242 2515 1513 2583 Summa
1558 2515 1754 2597 igitur
1800 2514 2077 2580 duorum
2122 2514 2594 2598 quadratorum
2640 2515 2917 2581 duarum
2960 2515 3124 2581 line-

652 2657 838 2702 arum
867 2635 1014 2717 AB,
1060 2633 1186 2700 ΒΘ
1230 2636 1520 2701 resoluta
1581 2634 1877 2719 aequalis
1933 2641 2036 2699 est
2098 2635 2293 2718 duplo
2353 2635 2570 2718 spatio
2631 2635 2889 2701 duabus
2934 2635 3125 2702 lineis

650 2755 790 2838 ΑΘ,
823 2755 946 2821 ΘΒ
976 2757 1458 2838 comprehenso
1493 2775 1643 2821 eum
1690 2754 1888 2837 duplo
1937 2755 2260 2838 quadrato
2305 2755 2521 2822 lineae
2553 2754 2676 2820 ΘΒ
2707 2763 2773 2822 et
2804 2757 3126 2839 quadrato

649 2877 865 2942 lineae
895 2876 1034 2942 ΑΘ.
1128 2876 1257 2944 Sed
1306 2895 1388 2942 ex
1433 2875 1508 2957 ΙΙ,
1557 2879 1594 2940 3
1645 2877 1912 2958 duplum
1959 2876 2245 2957 spatium
2291 2876 2549 2941 duabus
2594 2876 2785 2942 lineis
2819 2875 2956 2959 ΑΘ,
3002 2875 3127 2941 ΘΒ

654 2998 1206 3079 comprehensum
1252 3017 1400 3063 cum
1435 2996 1633 3080 duplo
1681 2996 2007 3081 quadrato
2054 2996 2269 3062 lineae
2301 2993 2424 3061 ΘΒ
2456 2997 2735 3081 aequale
2783 3005 2883 3063 est
2930 2996 3127 3081 duplo

653 3119 870 3201 spatio
928 3119 1183 3184 duabus
1243 3118 1433 3183 lineis
1462 3117 1608 3199 AB,
1667 3116 1790 3182 ΒΘ
1846 3117 2348 3199 comprehenso,
2442 3119 2674 3184 Restat
2733 3118 3126 3202 quadratum

651 3238 867 3304 lineae
898 3237 1038 3305 ΑΘ.
1129 3238 1208 3304 Et
1253 3238 1522 3320 duplum
1581 3239 1866 3320 spatium
1923 3236 2183 3303 duabus
2237 3238 2427 3303 lineis
2459 3236 2603 3319 ΑΒ,
2650 3237 2777 3303 ΒΘ
2824 3258 3126 3322 compre-

653 3359 932 3424 hensum
979 3379 1128 3424 cum
1177 3360 1501 3443 quadrato
1560 3360 1777 3423 lineae
1807 3356 1929 3424 ΑΘ
1973 3357 2254 3443 aequale
2300 3365 2401 3423 est
2456 3359 2653 3440 duplo
2701 3360 2917 3441 spatio
2966 3360 3128 3425 dua-

654 3480 778 3545 bus
823 3480 1013 3545 lineis
1045 3478 1184 3561 ΑΘ,
1231 3478 1355 3543 ΘΒ
1399 3479 1883 3561 comprehenso
1931 3498 2084 3544 oum
2144 3477 2339 3561 duplo
2388 3480 2711 3561 quadrato
2756 3481 2971 3546 lineae
3004 3479 3128 3544 ΘΒ

655 3607 718 3665 et
778 3619 930 3665 cum
987 3600 1310 3683 quadrato
1365 3600 1582 3666 lineae
1626 3597 1765 3664 AG.
1869 3597 2039 3680 Ergo
2094 3598 2497 3664 resolutione
2557 3600 2641 3665 ad
2699 3600 2774 3680 11,
2843 3604 2881 3664 3
2950 3600 3129 3666 facta

653 3739 911 3785 summa
959 3719 1236 3786 duorum
1285 3722 1757 3803 quadratorum
1805 3720 2084 3785 duarum
2128 3720 2451 3785 linearum
2482 3718 2626 3800 AB,
2676 3718 2797 3784 ΒΘ
2829 3721 3126 3803 aequalis

654 3848 756 3905 est
810 3839 1008 3923 duplo
1065 3841 1280 3923 spatio
1331 3832 1595 3907 'duabus
1652 3841 1842 3906 lineis
1873 3838 2021 3921 AB,
2069 3838 2190 3905 ΒΘ
2237 3842 2720 3923 comprehenso
2768 3860 2919 3906 eum
2968 3861 3128 3924 qua-

657 3961 846 4026 drato
893 3961 1109 4027 lineae
1141 3960 1280 4027 ΑΘ.
1371 3961 1445 4042 Q.
1495 3981 1556 4026 n.
1607 3980 1661 4026 e.
1713 3961 1902 4043 d.¹·*)

827 4080 1173 4146 Ratione
1208 4082 1675 4167 synthetioa
1709 4082 1801 4147 ita
1837 4100 2243 4163 componere
2279 4082 2650 4163 incipimuS,
2687 4088 2756 4147 ut
2799 4082 3128 4148 dieamus:

657 4200 982 4281 Quoniam
1041 4220 1299 4267 summa
1353 4202 1631 4267 duorum
1689 4202 2161 4285 quadratorum
2203 4200 2349 4282 AB,
2408 4200 2529 4266 ΒΘ
2576 4202 2663 4267 ad
2719 4203 3130 4268 demonstra-

657 4322 907 4387 tionem
980 4323 1451 4405 propositionis
1519 4323 1752 4388 tertiae
1815 4323 2109 4387 resoluta
2170 4331 2272 4387 est
2316 4330 2383 4388 et
2427 4323 2723 4406 aequalis
2771 4329 2871 4388 est
2930 4323 3129 4405 duplo

658 4442 894 4524 spati0‚
956 4442 1134 4526 quod
1191 4442 1448 4508 duabus
1502 4442 1692 4507 lineis
1737 4441 1880 4523 ΑΒ,
1938 4440 2063 4508 ΒΘ
2110 4443 2706 4525 comprehenditur,
2774 4462 2924 4509 eum
2972 4463 3130 4526 qua·

658 4561 846 4629 drato
891 4562 1105 4629 lineae
1137 4560 1276 4644 ΑΘ,
1326 4582 1408 4628 ex
1442 4563 1517 4645 11,
1566 4568 1603 4628 3
1652 4564 1918 4647 duplum
1965 4565 2251 4647 spatium
2295 4562 2555 4629 duabus
2599 4563 2791 4628 lineis
2821 4562 2966 4645 AB,
3009 4562 3129 4627 ΒΘ

719 4821 824 4886 ¹·*)
863 4820 1036 4874 Miras
1072 4820 1178 4874 has
1218 4820 1490 4889 ambages
1528 4820 1808 4881 dedimus,
1845 4823 2044 4890 quales
2083 4821 2141 4875 in
2178 4820 2370 4875 codice
2410 4826 2557 4879 sunt.
