3957 6007
1635 619 2099 704 -31-,

499 877 508 886 ·
606 840 872 906 adiecta
915 848 983 906 et
1027 841 1291 906 adiecta
1337 841 1888 923 comprehensum
1936 845 2003 904 et
2046 839 2440 923 quadratum
2486 837 2797 903 dimidiae
2851 836 3066 901 lineae

604 960 692 1025 ab
737 962 924 1027 initio
993 960 1187 1027 datae
1253 959 1560 1045 aequalia
1627 966 1780 1026 sunt
1845 961 2170 1044 quadrato
2236 959 2305 1023 in
2374 957 2645 1023 dimidia
2711 975 2847 1022 una
2912 974 3062 1021 cum

603 1080 866 1147 adiecta
911 1081 1262 1164 descripto

775 1200 1454 1284 Exemplificatio.
1545 1202 1816 1268 Lineam
1869 1207 2119 1266 rectam
2176 1200 2419 1266 lineam
2462 1196 2587 1264 AB
2634 1197 3065 1279 supponimus

603 1338 881 1404 eamque
936 1322 1004 1387 in
1050 1329 1294 1404 puncto
1341 1321 1398 1386 Θ
1443 1323 1512 1388 in
1569 1322 1735 1388 duas
1802 1327 2025 1405 partes
2092 1321 2406 1404 aequales
2474 1317 2826 1384 diuidimus
2893 1323 2959 1381 et
3003 1317 3065 1381 ei

600 1439 842 1506 lineam
866 1421 1002 1506 BD
1049 1441 1414 1508 adiicimuS.
1504 1443 1972 1509 Demonstrare
2002 1440 2325 1521 uolumuS,
2374 1440 2658 1523 spatium
2686 1439 2877 1504 lineis
2906 1434 3062 1515 AD,

602 1560 739 1625 DB
785 1564 1335 1645 comprehensum
1397 1583 1548 1629 cum
1608 1564 1932 1648 quadrato
1978 1559 2098 1628 AG
2144 1561 2307 1644 (Scr.
2358 1557 2502 1644 BG)
2568 1558 2846 1644 aequale
2915 1575 3063 1622 esse

601 1682 924 1766 quadrato
971 1684 1187 1749 lineae
1231 1681 1380 1749 DG‘.

770 1802 1406 1871 Demonstratio.
1509 1802 1581 1869 ln
1637 1804 1812 1869 linea
1869 1801 2001 1868 GD
2064 1821 2147 1868 ex
2204 1807 2261 1883 l,
2322 1806 2406 1868 45
2465 1801 2680 1885 spatio
2742 1800 3064 1885 quadrato

599 1925 983 2006 rectangulo
1030 1931 1416 1992 constructo
1464 1925 1854 1990 diametrum
1902 1922 2045 1988 DE
2084 1923 2385 1988 ducimus
2430 1929 2496 1988 et
2550 1924 2760 1988 lineas
2818 1921 3063 2004 figurae

599 2044 957 2126 explemuS,
1004 2051 1076 2111 ut
1119 2046 1187 2110 in
1236 2045 1799 2128 propositionibus
1844 2041 2399 2127 praecedentibus
2446 2042 3062 2108 demonstrauimus,

767 2165 861 2230 Ex
907 2165 952 2247 I,
999 2169 1082 2230 43
1125 2166 1320 2248 igitur
1364 2166 1648 2248 spatium
1693 2163 1827 2230 HZ
1863 2165 2081 2247 spatio
2128 2162 2262 2227 GH
2300 2163 2579 2248 aequale
2624 2163 2769 2246 erit,
2824 2161 3058 2248 quoni-

595 2304 703 2350 am
771 2286 1254 2368 complementa
1320 2294 1488 2352 sunt.
1581 2285 1674 2352 Ex
1741 2285 1786 2366 I,
1856 2289 1937 2350 36
2007 2291 2229 2350 autem
2296 2285 2581 2367 spatium
2649 2281 2779 2349 GH
2842 2283 3057 2366 spatio

593 2404 730 2470 ΑΚ
779 2406 1056 2491 aequale
1125 2414 1244 2482 est,
1314 2409 1470 2491 quia
1515 2408 1580 2470 in
1639 2406 1897 2472 duabus
1963 2405 2239 2471 basibus
2292 2406 2467 2470 inter
2531 2424 2603 2470 se
2671 2401 3059 2488 aequalibus

593 2524 745 2602 HK,
793 2523 941 2589 ΚΜ
985 2534 1051 2592 et
1093 2527 1265 2593 inter
1301 2528 1466 2593 duas

591 2644 800 2711 lineas
843 2647 1016 2712 inter
1058 2665 1131 2713 se
1187 2649 1464 2730 paralle-
1583 2664 1632 2726 ό
1655 2673 1710 2724 D
1835 2681 1909 2740 *e
1939 2667 1998 2722 Β
2418 2673 2481 2726 e.»
2506 2665 2557 2716 Γ
2934 2661 3024 2720 Αἱ

591 2765 690 2831 las
712 2765 880 2850 HM,
903 2766 1031 2833 AB
1053 2768 1270 2850 posita
1293 2775 1462 2833 sunt.

593 2885 820 2972 Itaque
843 2886 976 2952 ΗΖ
997 2922 1068 2939 =
1097 2887 1244 2954 ΑΚ.
1295 2889 1461 2972 Spa-

592 3009 684 3074 tio
723 3010 919 3091 igitur
954 3008 1091 3075 KD
1125 3012 1460 3077 communi
1514 2991 1559 3073 J
1586 3008 1632 3061 L

591 3136 852 3212 sumpto
913 3136 1122 3195 totum
1178 3132 1463 3213 spatium

591 3247 729 3315 MD
775 3252 1091 3333 gnomoni
1123 3251 1304 3325 ΝΞΟ
1351 3271 1463 3317 ae-

593 3371 802 3453 quale.
935 3370 1066 3439 Sed
1177 3375 1462 3455 spatium

591 3488 744 3555 MD
819 3491 1012 3557 lineis
1091 3491 1244 3573 AD,
1328 3490 1467 3557 DB
1570 3550 1626 3606 Z

591 3612 1186 3694 comprehenditur,
1305 3632 1465 3697 quo·
1631 3579 1662 3655 3
1865 3566 1924 3641 ‘b
1949 3600 1996 3649 θ
2442 3557 2548 3613 Ἐ

592 3734 768 3797 niam
795 3730 933 3797 DB
957 3767 1032 3785 ε·-
1063 3732 1216 3799 DL.
1287 3732 1465 3800 Gno-

591 3870 745 3917 mon
792 3854 987 3936 igitur
1029 3849 1474 3938 aequalis'est
1519 3857 1756 3937 spati0,
1804 3855 1980 3939 quod
2026 3855 2239 3919 lineae
2263 3852 2419 3934 AD,
2453 3850 2591 3918 DB
2622 3852 3051 3933 comprehen-

592 3971 766 4038 dunt.
837 3973 1174 4054 Quadrato
1206 3974 1346 4038 HE
1366 3976 1405 4040 i.
1442 3994 1496 4040 e.
1533 3974 1853 4059 quadrato
1888 3976 2103 4040 lineae
2134 3972 2265 4041 BG
2297 3973 2558 4039 adiecto
2605 3973 2889 4055 spatium
2936 3971 3054 4052 igi-

589 4100 711 4172 tur,
759 4093 933 4178 quod
981 4094 1550 4177 comprehendunt
1591 4096 1806 4161 lineae
1836 4094 1992 4178 AD,
2024 4094 2183 4174 DB,
2230 4114 2379 4161 cum
2428 4094 2749 4177 quadrato
2783 4088 3049 4179 [lineae]

589 4212 712 4277 GB
755 4216 1071 4296 gnomoni
1117 4212 1294 4288 ΝΞΟ
1341 4222 1408 4282 et
1453 4216 1777 4301 quadrato
1809 4215 1948 4280 ΗΕ
1984 4216 2280 4300 aequale.
2374 4215 2503 4282 Sed
2550 4232 2839 4297 gnomon
2876 4210 3050 4284 ΝΞΟ

591 4340 656 4399 et
700 4336 1094 4417 quadratum
1141 4335 1278 4400 ΗΕ
1314 4337 1618 4421 aequalia
1664 4342 1816 4402 sunt
1860 4336 2184 4419 quadrato
2220 4335 2373 4417 DE',
2410 4334 2610 4420 'quod
2655 4332 3047 4417 quadratum

589 4460 691 4519 est
734 4454 947 4521 lineae
989 4455 1139 4522 GD.
1231 4458 1400 4539 Ergo
1445 4458 1749 4539 spatium,
1798 4456 1973 4540 quod
2023 4456 2591 4539 comprehendunt
2634 4456 2849 4520 lineae
2893 4452 3047 4532 AD,

591 4574 745 4657 DB,
815 4595 966 4641 cum
1026 4576 1350 4662 quadrato
1411 4574 1678 4665 [lineae]
1733 4576 1856 4642 ΘΒ
1931 4577 2209 4661 aequale
2276 4582 2379 4642 est
2444 4576 2768 4661 quadrato
2834 4574 3049 4639 lineae

590 4693 741 4760 GD.
832 4696 905 4777 Q.
955 4717 1016 4763 n.
1067 4716 1122 4763 e.
1175 4697 1233 4763 d.

761 4782 1030 4882 Heron
1076 4818 1251 4883 hanc
1297 4838 1561 4901 quoque
1608 4818 2129 4901 propositionem
2162 4836 2281 4899 per
2308 4818 2517 4882 lineas
2551 4816 3047 4883 demonstrauit.
