3957 6007
1611 574 2029 634 -57—

583 795 712 860 duo
761 794 1086 878 quadrata
1134 793 1415 860 duorum
1474 793 1751 860 laterum
1782 792 1923 876 GE,
1971 792 2091 859 GA
2138 793 2499 860 coniuncta
2554 792 2752 874 duplo
2801 794 3058 859 maiora

581 921 732 980 sunt
798 916 1123 998 quadrato
1190 915 1414 981 lateris
1468 913 1604 979 AG.
1709 914 1841 980 Sed
1907 933 2166 980 summa
2235 915 2513 980 duorum
2583 913 3055 998 quadratorum

581 1034 859 1101 duorum
914 1035 1194 1100 laterum
1223 1033 1366 1115 EG,
1415 1032 1534 1099 GA
1581 1053 1661 1100 ex
1707 1035 1752 1113 1,
1799 1039 1882 1098 46
1937 1036 2235 1119 aequalis
2292 1043 2393 1100 est
2449 1035 2773 1118 quadrato
2830 1034 3057 1102 lateris

578 1154 735 1236 ΑΕ;
801 1156 1024 1239 itaque
1095 1152 1488 1238 quadratum
1555 1155 1779 1220 lateris
1832 1155 1962 1220 ΑΕ
2013 1156 2209 1238 duplo
2280 1157 2492 1220 maius
2562 1161 2662 1220 est
2731 1155 3053 1238 quadrato

577 1276 803 1341 lateris
826 1273 966 1342 AG.
1035 1275 1162 1342 Sed
1208 1276 1340 1340 iam
1382 1274 2003 1356 demonstrauimuS‚
2051 1276 2222 1342 latus
2244 1274 2372 1340 ZE
2406 1275 2595 1341 lateri
2619 1273 2747 1339 ZH
2775 1275 3054 1358 aequale

580 1415 759 1477 esse3
801 1415 1060 1463 summa
1096 1397 1290 1479 igitur
1325 1395 1602 1462 duorum
1641 1395 2111 1480 quadratorum
2150 1397 2427 1470 duorum
2462 1397 2742 1462 laterum
2766 1395 2902 1478 ZE,
2930 1393 3061 1460 ZH

580 1516 778 1600 duplo
826 1519 1037 1583 maior
1082 1526 1184 1582 est
1228 1517 1551 1600 quadrato
1599 1517 1813 1583 lineae
1844 1515 1982 1582 ΕΖ.
2075 1517 2152 1583 Et
2198 1519 2516 1601 quoniam
2561 1518 2837 1599 angulus
2868 1514 3063 1581 EZH

579 1645 799 1703 rectus
832 1645 951 1718 est,
1001 1656 1082 1702 ex
1114 1637 1159 1717 Ι,
1207 1642 1288 1701 26
1323 1637 1480 1722 (sor.
1505 1639 1620 1723 46)
1653 1657 1912 1703 summa
1945 1639 2223 1703 duorum
2270 1637 2742 1722 quadratorum
2777 1638 3052 1704 duorum

578 1758 856 1823 laterum
889 1755 1025 1838 ΕΖ,
1072 1755 1206 1822 ΖΗ
1243 1757 1542 1841 aequalis
1589 1759 1710 1824 erit
1758 1758 2083 1840 quadrato
2129 1758 2354 1824 lateris
2401 1757 2536 1822 ΕΗ
2549 1779 2562 1839 ;
2626 1760 2847 1842 itaque
2895 1777 3055 1841 qua-

581 1877 837 1944 dratum
884 1877 1108 1944 lateris
1134 1878 1266 1944 ΕΗ
1295 1878 1493 1960 duplo
1542 1879 1754 1944 maius
1801 1879 1926 1944 erit
1969 1879 2295 1962 quadrato
2340 1880 2569 1944 lateris
2599 1877 2737 1944 EZ.
2816 1878 3055 1943 Uerum

577 1996 809 2062 ΕΖ-
846 1997 999 2076 OD,
1049 2005 1120 2064 ut
1165 2018 1246 2064 ex
1292 1998 1338 2078 Ι,
1398 2002 1482 2062 34
1527 1999 2047 2079 demonstratur-3
2108 2001 2331 2082 itaque
2388 2001 2783 2084 quadratum
2839 1999 3055 2065 lineae

579 2118 716 2183 ΕΗ
756 2119 954 2202 duplo
1003 2121 1216 2185 maius
1263 2126 1363 2184 est
1409 2119 1732 2202 quadrato
1787 2119 2002 2184 lineae
2039 2117 2189 2186 ΘΒ.
2284 2121 2413 2188 Sed
2461 2122 2595 2186 iam
2642 2121 3057 2186 demonstra-

578 2244 718 2306 tum
763 2251 882 2321 est,
933 2241 1326 2324 quadratum
1371 2239 1587 2305 lineae
1618 2237 1752 2305 ΑΕ
1773 2239 1971 2321 duplo
2014 2240 2229 2305 maius
2275 2261 2425 2306 esse
2474 2243 2797 2325 quadrato
2843 2241 3057 2306 lineae

577 2360 728 2442 AG;
789 2362 1015 2444 itaque
1071 2380 1329 2427 summa
1387 2360 1667 2426 duorum
1726 2360 2197 2444 quadratorum
2257 2362 2535 2428 duorum
2593 2362 2869 2427 laterum
2913 2359 3056 2442 AE,

579 2479 714 2546 ΕΗ
754 2479 952 2564 duplo
999 2483 1214 2547 maior
1259 2488 1360 2546 est
1405 2500 1662 2546 summa
1698 2480 1976 2545 duorum
2018 2481 2489 2564 quadratorum
2528 2483 2803 2548 duarum
2850 2481 3059 2546 linea-

580 2622 722 2667 rum
757 2600 896 2682 AG,
943 2601 1096 2668 GD.
1189 2603 1319 2668 Sed
1368 2621 1450 2666 ex
1495 2601 1540 2681 Ι,
1598 2604 1680 2664 46
1729 2620 1989 2666 summa
2046 2603 2323 2667 duorum
2373 2603 2845 2686 quadratorum
2894 2603 3055 2667 dua-

577 2743 721 2788 rum
766 2725 1087 2789 linearum
1119 2721 1262 2802 ΑΕ,
1294 2720 1431 2785 ΕΗ
1471 2721 1768 2804 aequalis
1815 2730 1918 2787 est
1962 2723 2289 2805 quadrato
2336 2723 2551 2788 lineae
2583 2722 2733 2788 AH.
2808 2721 3054 2786 Eodem

579 2844 778 2910 modo
839 2862 1098 2910 summa
1160 2844 1437 2907 duorum
1500 2840 1969 2925 quadratorum
2033 2844 2314 2908 duorum
2375 2842 2650 2907 laterum
2700 2840 2855 2924 AD,
2916 2839 3067 2904 DH

579 2964 874 3048 aequalis
920 2970 1020 3030 est
1066 2962 1390 3047 quadrato
1447 2962 1660 3029 lineae
1694 2961 1842 3046 ΑΗ,
1903 2965 2217 3047 quoniam
2273 2963 2550 3046 angulus
2581 2961 2803 3027 ADH
2833 2969 3057 3027 rectus

580 3092 708 3166 est3
779 3104 1037 3151 summa
1094 3086 1289 3167 igitur
1344 3085 1621 3149 duorum
1679 3085 2151 3167 quadratorum
2222 3086 2499 3149 duarum
2556 3082 2879 3147 linearum
2911 3081 3055 3164 AE,

577 3204 718 3271 ΕΗ
736 3206 1036 3290 aequalis
1081 3213 1182 3271 est
1227 3223 1526 3270 summae
1573 3204 1849 3270 duorum
1888 3205 2360 3288 quadratorum
2410 3205 2685 3269 duarum
2733 3204 3053 3269 linearum

575 3324 729 3406 AD,
778 3324 938 3391 ΒΗ.
1031 3326 1159 3393 Sed
1207 3326 1337 3390 iam
1391 3326 1500 3389 de-

575 3447 1109 3527 monstrauimu3‚
1173 3440 1500 3511 summam
1583 3467 1674 3571 Ζ)
2501 3393 2604 3447 Ἐ

574 3567 852 3633 duorum
877 3568 1348 3651 quadratorum
1383 3566 1499 3631 du-

575 3706 760 3752 arum
817 3688 1138 3753 linearum
1180 3686 1323 3767 ΑΕ,
1368 3684 1506 3750 ΕΗ

577 3808 774 3889 duplo
806 3808 1133 3873 maiorem
1156 3825 1306 3873 esse
1341 3807 1498 3871 duo-

575 3928 700 3994 bus
788 3928 1132 4011 quadratis
1221 3929 1498 3993 duarum

575 4048 896 4114 linearum
956 4048 1108 4132 AG,
1179 4047 1333 4113 GD.
1423 4048 1501 4113 Et
1574 4050 1620 4098 ὁ
1647 4036 3004 4329 Dr}

573 4168 1176 4236 demonstrauimus
1202 4221 1217 4249 ‚
1350 4188 1498 4234 esse

576 4286 724 4353 DH
759 4322 834 4340 ==
876 4288 1033 4356 DB.
1137 4290 1304 4372 Ergo
1366 4290 1499 4353 iam
2879 4292 2889 4305 “

574 4410 1099 4477 demonstratum
1146 4417 1265 4491 est,
1321 4430 1496 4475 sum·
1638 4363 1701 4450 ζ
1736 4345 1796 4399 H

575 4550 751 4597 mam
820 4532 1098 4598 duorum
1169 4531 1642 4613 quadratorum
1711 4528 1990 4594 duarum
2056 4525 2374 4591 linearum
2420 4522 2578 4601 AD,
2640 4522 2778 4625 DB
2845 4522 3043 4604 duplo

576 4652 897 4717 maiorem
972 4670 1121 4718 esse
1191 4651 1449 4717 duobus
1518 4648 1856 4733 quadratis
1925 4647 2200 4711 duarum
2276 4646 2597 4710 linearum
2666 4642 2819 4722 AG,
2889 4642 3038 4707 ΘΙ).

577 4771 650 4852 Q.
700 4792 762 4837 n.
814 4792 868 4837 e.
919 4773 976 4838 d.

2667 4923 2701 4971 8
