<?xml version="1.0" encoding="UTF-8"?>
<!DOCTYPE html PUBLIC "-//W3C//DTD XHTML 1.0 Transitional//EN"
    "http://www.w3.org/TR/xhtml1/DTD/xhtml1-transitional.dtd">
<html xmlns="http://www.w3.org/1999/xhtml" xml:lang="en" lang="en">
 <head>
  <title>
</title>
<meta http-equiv="Content-Type" content="text/html;charset=utf-8" />
  <meta name='ocr-system' content='tesseract 3.04.00' />
  <meta name='ocr-capabilities' content='ocr_page ocr_carea ocr_par ocr_line ocrx_word'/>
</head>
<body>
  <div class='ocr_page' id='page_1' title='image "./codexleidensisi00matagoog_0027.png"; bbox 0 0 3957 6007; ppageno 0'>
   <div class='ocr_carea' id='block_1_1' title="bbox 1589 602 2011 664">
    <p class='ocr_par' dir='ltr' id='par_1_1' title="bbox 1589 602 2011 664">
     <span class='ocr_line' id='line_1_1' title="bbox 1589 602 2011 664; baseline -0.005 -18"><span class='ocrx_word' id='word_1_1' title='bbox 1589 602 2011 664; x_wconf 64' lang='lat'>—21....</span> 
     </span>
    </p>
   </div>
   <div class='ocr_carea' id='block_1_2' title="bbox 571 819 2860 962">
    <p class='ocr_par' dir='ltr' id='par_1_2' title="bbox 571 819 2860 962">
     <span class='ocr_line' id='line_1_2' title="bbox 571 819 2860 962; baseline -0.001 -75"><span class='ocrx_word' id='word_1_2' title='bbox 571 820 708 903; x_wconf 87' lang='lat' dir='ltr'>AZ,</span> <span class='ocrx_word' id='word_1_3' title='bbox 755 819 892 902; x_wconf 90' lang='grc' dir='ltr'>ΖΕ,</span> <span class='ocrx_word' id='word_1_4' title='bbox 941 827 1003 886; x_wconf 88' lang='lat' dir='ltr'>et</span> <span class='ocrx_word' id='word_1_5' title='bbox 1049 825 1258 886; x_wconf 85' lang='lat' dir='ltr'>totum</span> <span class='ocrx_word' id='word_1_6' title='bbox 1304 821 1694 904; x_wconf 86' lang='lat' dir='ltr'>quadratum</span> <span class='ocrx_word' id='word_1_7' title='bbox 1859 889 1934 932; x_wconf 45' lang='grc' dir='ltr'>υ</span> <span class='ocrx_word' id='word_1_8' title='bbox 1973 875 2017 928; x_wconf 73' lang='grc' dir='ltr'><strong><em>Β</em></strong></span> <span class='ocrx_word' id='word_1_9' title='bbox 2106 891 2171 926; x_wconf 50' lang='lat'><strong>³</strong></span> <span class='ocrx_word' id='word_1_10' title='bbox 2198 887 2245 932; x_wconf 68' lang='lat' dir='ltr'>r</span> <span class='ocrx_word' id='word_1_11' title='bbox 2812 915 2860 962; x_wconf 84' lang='lat' dir='ltr'><strong><em>A</em></strong></span> 
     </span>
    </p>
   </div>
   <div class='ocr_carea' id='block_1_3' title="bbox 507 896 3103 4386">
    <p class='ocr_par' dir='ltr' id='par_1_3' title="bbox 573 896 3035 1505">
     <span class='ocr_line' id='line_1_3' title="bbox 573 896 2901 1025; baseline 0 -19"><span class='ocrx_word' id='word_1_12' title='bbox 573 941 702 1006; x_wconf 83' lang='lat' dir='ltr'>AE</span> <span class='ocrx_word' id='word_1_13' title='bbox 738 940 1018 1025; x_wconf 86' lang='lat' dir='ltr'>aequale</span> <span class='ocrx_word' id='word_1_14' title='bbox 1074 947 1176 1006; x_wconf 87' lang='lat' dir='ltr'>est</span> <span class='ocrx_word' id='word_1_15' title='bbox 1230 940 1488 1006; x_wconf 88' lang='lat' dir='ltr'>duobus</span> <span class='ocrx_word' id='word_1_16' title='bbox 1535 960 1696 1024; x_wconf 91' lang='lat' dir='ltr'>qua·</span> <span class='ocrx_word' id='word_1_17' title='bbox 1891 933 1910 956; x_wconf 80' lang='lat'><em>⁴</em></span> <span class='ocrx_word' id='word_1_18' title='bbox 2886 896 2901 954; x_wconf 64' lang='lat'>⁸</span> 
     </span>
     <span class='ocr_line' id='line_1_4' title="bbox 576 960 2846 1185; baseline 0 -60"><span class='ocrx_word' id='word_1_19' title='bbox 576 1061 778 1126; x_wconf 83' lang='lat' dir='ltr'>dratis</span> <span class='ocrx_word' id='word_1_20' title='bbox 866 1060 1150 1143; x_wconf 88' lang='lat' dir='ltr'>partium</span> <span class='ocrx_word' id='word_1_21' title='bbox 1208 1058 1346 1140; x_wconf 85' lang='grc' dir='ltr'>ΑΘ,</span> <span class='ocrx_word' id='word_1_22' title='bbox 1437 1058 1561 1125; x_wconf 99' lang='grc' dir='ltr'>ΘΒ</span> <span class='ocrx_word' id='word_1_23' title='bbox 1633 1067 1699 1125; x_wconf 89' lang='lat' dir='ltr'>et</span> <span class='ocrx_word' id='word_1_24' title='bbox 1950 960 2846 1185; x_wconf 59' lang='grc' dir='ltr'>Ε-</span> 
     </span>
     <span class='ocr_line' id='line_1_5' title="bbox 576 1158 2996 1283; baseline -0.001 -37"><span class='ocrx_word' id='word_1_25' title='bbox 576 1181 770 1264; x_wconf 91' lang='lat' dir='ltr'>duplo</span> <span class='ocrx_word' id='word_1_26' title='bbox 817 1181 1032 1263; x_wconf 87' lang='lat' dir='ltr'>spatio</span> <span class='ocrx_word' id='word_1_27' title='bbox 1093 1180 1349 1245; x_wconf 87' lang='lat' dir='ltr'>duabus</span> <span class='ocrx_word' id='word_1_28' title='bbox 1406 1181 1699 1263; x_wconf 87' lang='lat' dir='ltr'>partibus</span> <span class='ocrx_word' id='word_1_29' title='bbox 1754 1217 1931 1283; x_wconf 47' lang='lat' dir='ltr'>K&amp;</span> <span class='ocrx_word' id='word_1_30' title='bbox 2110 1213 2163 1268; x_wconf 78' lang='grc' dir='ltr'><em>Ζ</em></span> <span class='ocrx_word' id='word_1_31' title='bbox 2861 1158 2996 1238; x_wconf 69' lang='lat' dir='ltr'>J06</span> 
     </span>
     <span class='ocr_line' id='line_1_6' title="bbox 575 1293 3035 1384; baseline 0.001 -18"><span class='ocrx_word' id='word_1_32' title='bbox 575 1300 713 1382; x_wconf 86' lang='grc' dir='ltr'>ΑΘ,</span> <span class='ocrx_word' id='word_1_33' title='bbox 761 1299 883 1365; x_wconf 92' lang='grc' dir='ltr'>ΘΒ</span> <span class='ocrx_word' id='word_1_34' title='bbox 929 1302 1428 1384; x_wconf 80' lang='lat' dir='ltr'>comprehenso,</span> <span class='ocrx_word' id='word_1_35' title='bbox 1527 1302 1700 1382; x_wconf 87' lang='lat' dir='ltr'>Qua·</span> <span class='ocrx_word' id='word_1_36' title='bbox 2992 1293 3035 1353; x_wconf 89' lang='lat'>4</span> 
     </span>
     <span class='ocr_line' id='line_1_7' title="bbox 579 1421 1700 1505; baseline -0.001 -19"><span class='ocrx_word' id='word_1_37' title='bbox 579 1421 834 1486; x_wconf 90' lang='lat' dir='ltr'>dratum</span> <span class='ocrx_word' id='word_1_38' title='bbox 881 1427 1104 1486; x_wconf 88' lang='lat' dir='ltr'>autem</span> <span class='ocrx_word' id='word_1_39' title='bbox 1139 1421 1272 1486; x_wconf 84' lang='grc' dir='ltr'>ΑΕ</span> <span class='ocrx_word' id='word_1_40' title='bbox 1307 1421 1700 1505; x_wconf 85' lang='lat' dir='ltr'>quadratum</span> 
     </span>
    </p>

    <p class='ocr_par' dir='ltr' id='par_1_4' title="bbox 578 1539 1699 1623">
     <span class='ocr_line' id='line_1_8' title="bbox 578 1539 1699 1623; baseline 0.002 -18"><span class='ocrx_word' id='word_1_41' title='bbox 578 1547 678 1606; x_wconf 87' lang='lat' dir='ltr'>est</span> <span class='ocrx_word' id='word_1_42' title='bbox 722 1541 936 1605; x_wconf 87' lang='lat' dir='ltr'>lineae</span> <span class='ocrx_word' id='word_1_43' title='bbox 967 1539 1112 1606; x_wconf 90' lang='lat' dir='ltr'>AB.</span> <span class='ocrx_word' id='word_1_44' title='bbox 1195 1541 1364 1623; x_wconf 84' lang='lat' dir='ltr'>Ergo</span> <span class='ocrx_word' id='word_1_45' title='bbox 1410 1543 1542 1606; x_wconf 85' lang='lat' dir='ltr'>iam</span> <span class='ocrx_word' id='word_1_46' title='bbox 1591 1543 1699 1607; x_wconf 89' lang='lat' dir='ltr'>de-</span> 
     </span>
    </p>

    <p class='ocr_par' dir='ltr' id='par_1_5' title="bbox 578 1661 1700 1744">
     <span class='ocr_line' id='line_1_9' title="bbox 578 1661 1700 1744; baseline 0.003 -19"><span class='ocrx_word' id='word_1_47' title='bbox 578 1667 1008 1726; x_wconf 88' lang='lat' dir='ltr'>monstratum</span> <span class='ocrx_word' id='word_1_48' title='bbox 1099 1667 1218 1740; x_wconf 87' lang='lat' dir='ltr'>est,</span> <span class='ocrx_word' id='word_1_49' title='bbox 1310 1661 1700 1744; x_wconf 88' lang='lat' dir='ltr'>quadratum</span> 
     </span>
    </p>

    <p class='ocr_par' dir='ltr' id='par_1_6' title="bbox 577 1779 1702 1864">
     <span class='ocr_line' id='line_1_10' title="bbox 577 1779 1702 1864; baseline 0.004 -20"><span class='ocrx_word' id='word_1_50' title='bbox 577 1781 790 1846; x_wconf 88' lang='lat' dir='ltr'>lineae</span> <span class='ocrx_word' id='word_1_51' title='bbox 806 1779 931 1844; x_wconf 86' lang='lat' dir='ltr'>AB</span> <span class='ocrx_word' id='word_1_52' title='bbox 955 1780 1230 1864; x_wconf 84' lang='lat' dir='ltr'>aequale</span> <span class='ocrx_word' id='word_1_53' title='bbox 1263 1800 1412 1848; x_wconf 86' lang='lat' dir='ltr'>esse</span> <span class='ocrx_word' id='word_1_54' title='bbox 1444 1782 1702 1848; x_wconf 86' lang='lat' dir='ltr'>duobus</span> 
     </span>
    </p>

    <p class='ocr_par' dir='ltr' id='par_1_7' title="bbox 580 1849 2905 2104">
     <span class='ocr_line' id='line_1_11' title="bbox 581 1849 2905 2001; baseline 0 -36"><span class='ocrx_word' id='word_1_55' title='bbox 581 1901 918 1985; x_wconf 24' lang='lat' dir='ltr'>quadr-atis</span> <span class='ocrx_word' id='word_1_56' title='bbox 950 1901 1224 1967; x_wconf 87' lang='lat' dir='ltr'>duarum</span> <span class='ocrx_word' id='word_1_57' title='bbox 1258 1903 1537 1984; x_wconf 87' lang='lat' dir='ltr'>partium</span> <span class='ocrx_word' id='word_1_58' title='bbox 1561 1901 1701 1982; x_wconf 87' lang='grc' dir='ltr'>ΑΘ,</span> <span class='ocrx_word' id='word_1_59' title='bbox 1911 1871 1939 1912; x_wconf 77' lang='lat'>⁸</span> <span class='ocrx_word' id='word_1_60' title='bbox 1959 1861 2019 1920; x_wconf 73' lang='grc' dir='ltr'><em>Ε</em></span> <span class='ocrx_word' id='word_1_61' title='bbox 2089 1915 2155 2001; x_wconf 67' lang='grc' dir='ltr'>ζ</span> <span class='ocrx_word' id='word_1_62' title='bbox 2184 1897 2247 1953; x_wconf 83' lang='grc' dir='ltr'><em>Η</em></span> <span class='ocrx_word' id='word_1_63' title='bbox 2784 1853 2827 1902; x_wconf 71' lang='lat'><em>0</em></span> <span class='ocrx_word' id='word_1_64' title='bbox 2851 1849 2905 1903; x_wconf 77' lang='lat' dir='ltr'><em>D</em></span> 
     </span>
     <span class='ocr_line' id='line_1_12' title="bbox 580 2018 1708 2104; baseline 0.004 -20"><span class='ocrx_word' id='word_1_65' title='bbox 580 2018 703 2085; x_wconf 91' lang='grc' dir='ltr'>ΘΒ</span> <span class='ocrx_word' id='word_1_66' title='bbox 766 2026 833 2085; x_wconf 88' lang='lat' dir='ltr'>et</span> <span class='ocrx_word' id='word_1_67' title='bbox 898 2020 1096 2103; x_wconf 87' lang='lat' dir='ltr'>duplo</span> <span class='ocrx_word' id='word_1_68' title='bbox 1161 2023 1377 2104; x_wconf 87' lang='lat' dir='ltr'>spatio</span> <span class='ocrx_word' id='word_1_69' title='bbox 1452 2023 1708 2088; x_wconf 88' lang='lat' dir='ltr'>duabus</span> 
     </span>
    </p>

    <p class='ocr_par' dir='ltr' id='par_1_8' title="bbox 580 2139 2153 2224">
     <span class='ocr_line' id='line_1_13' title="bbox 580 2139 2153 2224; baseline 0.001 -20"><span class='ocrx_word' id='word_1_70' title='bbox 580 2140 772 2206; x_wconf 88' lang='lat' dir='ltr'>lineis</span> <span class='ocrx_word' id='word_1_71' title='bbox 799 2139 941 2222; x_wconf 86' lang='grc' dir='ltr'>ΑΘ,</span> <span class='ocrx_word' id='word_1_72' title='bbox 989 2139 1112 2206; x_wconf 94' lang='grc' dir='ltr'>ΘΒ</span> <span class='ocrx_word' id='word_1_73' title='bbox 1158 2143 1641 2224; x_wconf 86' lang='lat' dir='ltr'>comprehenso</span> <span class='ocrx_word' id='word_1_74' title='bbox 1753 2143 1827 2224; x_wconf 91' lang='lat' dir='ltr'>Q.</span> <span class='ocrx_word' id='word_1_75' title='bbox 1876 2162 1939 2207; x_wconf 91' lang='lat' dir='ltr'>n.</span> <span class='ocrx_word' id='word_1_76' title='bbox 1990 2161 2044 2208; x_wconf 89' lang='lat' dir='ltr'>e.</span> <span class='ocrx_word' id='word_1_77' title='bbox 2094 2141 2153 2206; x_wconf 91' lang='lat' dir='ltr'>d.</span> 
     </span>
    </p>

    <p class='ocr_par' dir='ltr' id='par_1_9' title="bbox 584 2259 3103 2942">
     <span class='ocr_line' id='line_1_14' title="bbox 753 2259 3045 2344; baseline 0 -20"><span class='ocrx_word' id='word_1_78' title='bbox 753 2260 1430 2343; x_wconf 88' lang='lat' dir='ltr'>Exemplificatio</span> <span class='ocrx_word' id='word_1_79' title='bbox 1477 2281 1618 2344; x_wconf 89' lang='lat' dir='ltr'>per</span> <span class='ocrx_word' id='word_1_80' title='bbox 1662 2280 2063 2328; x_wconf 77' lang='lat' dir='ltr'>numeros,</span> <span class='ocrx_word' id='word_1_81' title='bbox 2141 2261 2604 2344; x_wconf 75' lang='lat' dir='ltr'>Supponimu3‚</span> <span class='ocrx_word' id='word_1_82' title='bbox 2648 2261 2889 2326; x_wconf 90' lang='lat' dir='ltr'>lineam</span> <span class='ocrx_word' id='word_1_83' title='bbox 2921 2259 3045 2324; x_wconf 84' lang='lat' dir='ltr'>AB</span> 
     </span>
     <span class='ocr_line' id='line_1_15' title="bbox 584 2377 3044 2464; baseline 0 -19"><span class='ocrx_word' id='word_1_84' title='bbox 584 2398 734 2445; x_wconf 82' lang='lat' dir='ltr'>esse</span> <span class='ocrx_word' id='word_1_85' title='bbox 781 2383 882 2460; x_wconf 88' lang='lat'>10,</span> <span class='ocrx_word' id='word_1_86' title='bbox 944 2400 1224 2464; x_wconf 88' lang='lat' dir='ltr'>eamque</span> <span class='ocrx_word' id='word_1_87' title='bbox 1269 2382 1336 2446; x_wconf 89' lang='lat' dir='ltr'>in</span> <span class='ocrx_word' id='word_1_88' title='bbox 1383 2388 1628 2464; x_wconf 87' lang='lat' dir='ltr'>puncto</span> <span class='ocrx_word' id='word_1_89' title='bbox 1661 2381 1719 2447; x_wconf 94' lang='grc' dir='ltr'><strong><em>Θ</em></strong></span> <span class='ocrx_word' id='word_1_90' title='bbox 1761 2383 1854 2448; x_wconf 88' lang='lat' dir='ltr'>ita</span> <span class='ocrx_word' id='word_1_91' title='bbox 1898 2381 2271 2460; x_wconf 84' lang='lat' dir='ltr'>diuidimuS,</span> <span class='ocrx_word' id='word_1_92' title='bbox 2317 2387 2387 2446; x_wconf 90' lang='lat' dir='ltr'>ut</span> <span class='ocrx_word' id='word_1_93' title='bbox 2432 2381 2516 2446; x_wconf 87' lang='lat' dir='ltr'>sit</span> <span class='ocrx_word' id='word_1_94' title='bbox 2544 2379 2665 2446; x_wconf 84' lang='grc' dir='ltr'>ΑΘ</span> <span class='ocrx_word' id='word_1_95' title='bbox 2713 2384 2771 2462; x_wconf 87' lang='grc'>7,</span> <span class='ocrx_word' id='word_1_96' title='bbox 2819 2377 2942 2444; x_wconf 94' lang='grc' dir='ltr'>ΘΒ</span> <span class='ocrx_word' id='word_1_97' title='bbox 2987 2385 3044 2445; x_wconf 84' lang='grc'>3.</span> 
     </span>
     <span class='ocr_line' id='line_1_16' title="bbox 585 2499 3103 2586; baseline -0 -20"><span class='ocrx_word' id='word_1_98' title='bbox 585 2499 712 2566; x_wconf 85' lang='lat' dir='ltr'>AB</span> <span class='ocrx_word' id='word_1_99' title='bbox 755 2501 821 2564; x_wconf 92' lang='lat' dir='ltr'>in</span> <span class='ocrx_word' id='word_1_100' title='bbox 869 2520 942 2567; x_wconf 89' lang='lat' dir='ltr'>se</span> <span class='ocrx_word' id='word_1_101' title='bbox 987 2501 1417 2584; x_wconf 81' lang='lat' dir='ltr'>multiplicata</span> <span class='ocrx_word' id='word_1_102' title='bbox 1465 2533 1542 2553; x_wconf 91' lang='lat'>—</span> <span class='ocrx_word' id='word_1_103' title='bbox 1595 2506 1734 2580; x_wconf 89' lang='lat'>100,</span> <span class='ocrx_word' id='word_1_104' title='bbox 1791 2501 1970 2586; x_wconf 87' lang='lat' dir='ltr'>quod</span> <span class='ocrx_word' id='word_1_105' title='bbox 2016 2502 2292 2586; x_wconf 87' lang='lat' dir='ltr'>aequale</span> <span class='ocrx_word' id='word_1_106' title='bbox 2339 2507 2439 2566; x_wconf 87' lang='lat' dir='ltr'>est</span> <span class='ocrx_word' id='word_1_107' title='bbox 2492 2500 2708 2566; x_wconf 88' lang='lat' dir='ltr'>lineae</span> <span class='ocrx_word' id='word_1_108' title='bbox 2739 2499 2861 2566; x_wconf 82' lang='grc' dir='ltr'>ΑΘ</span> <span class='ocrx_word' id='word_1_109' title='bbox 2906 2501 3047 2565; x_wconf 88' lang='lat' dir='ltr'>siue</span> <span class='ocrx_word' id='word_1_110' title='bbox 3098 2549 3103 2554; x_wconf 83' lang='lat'><em>.</em></span> 
     </span>
     <span class='ocr_line' id='line_1_17' title="bbox 589 2619 3047 2704; baseline 0.001 -21"><span class='ocrx_word' id='word_1_111' title='bbox 589 2624 622 2683; x_wconf 87' lang='grc'><strong>7</strong></span> <span class='ocrx_word' id='word_1_112' title='bbox 669 2621 737 2685; x_wconf 90' lang='lat' dir='ltr'>in</span> <span class='ocrx_word' id='word_1_113' title='bbox 795 2640 868 2687; x_wconf 89' lang='lat' dir='ltr'>se</span> <span class='ocrx_word' id='word_1_114' title='bbox 924 2620 1412 2704; x_wconf 82' lang='lat' dir='ltr'>multiplicatae,</span> <span class='ocrx_word' id='word_1_115' title='bbox 1467 2622 1596 2686; x_wconf 91' lang='lat' dir='ltr'>hoc</span> <span class='ocrx_word' id='word_1_116' title='bbox 1655 2629 1755 2687; x_wconf 87' lang='lat' dir='ltr'>est</span> <span class='ocrx_word' id='word_1_117' title='bbox 1807 2625 1910 2702; x_wconf 79' lang='lat'>49,</span> <span class='ocrx_word' id='word_1_118' title='bbox 1973 2640 2127 2688; x_wconf 89' lang='lat' dir='ltr'>cum</span> <span class='ocrx_word' id='word_1_119' title='bbox 2180 2621 2356 2687; x_wconf 88' lang='lat' dir='ltr'>linea</span> <span class='ocrx_word' id='word_1_120' title='bbox 2388 2619 2509 2684; x_wconf 86' lang='grc' dir='ltr'>ΘΒ</span> <span class='ocrx_word' id='word_1_121' title='bbox 2569 2621 2711 2687; x_wconf 88' lang='lat' dir='ltr'>siue</span> <span class='ocrx_word' id='word_1_122' title='bbox 2759 2625 2796 2685; x_wconf 87' lang='lat'><strong>3</strong></span> <span class='ocrx_word' id='word_1_123' title='bbox 2862 2620 2929 2686; x_wconf 89' lang='lat' dir='ltr'>in</span> <span class='ocrx_word' id='word_1_124' title='bbox 2974 2639 3047 2685; x_wconf 85' lang='lat' dir='ltr'>se</span> 
     </span>
     <span class='ocr_line' id='line_1_18' title="bbox 587 2738 3043 2824; baseline 0 -20"><span class='ocrx_word' id='word_1_125' title='bbox 587 2740 1037 2823; x_wconf 88' lang='lat' dir='ltr'>multiplicata,</span> <span class='ocrx_word' id='word_1_126' title='bbox 1083 2742 1212 2806; x_wconf 93' lang='lat' dir='ltr'>hoc</span> <span class='ocrx_word' id='word_1_127' title='bbox 1259 2747 1363 2805; x_wconf 85' lang='lat' dir='ltr'>est</span> <span class='ocrx_word' id='word_1_128' title='bbox 1405 2745 1463 2820; x_wconf 85' lang='lat'>9,</span> <span class='ocrx_word' id='word_1_129' title='bbox 1511 2747 1576 2807; x_wconf 86' lang='lat' dir='ltr'>et</span> <span class='ocrx_word' id='word_1_130' title='bbox 1622 2742 1818 2824; x_wconf 89' lang='lat' dir='ltr'>duplo</span> <span class='ocrx_word' id='word_1_131' title='bbox 1863 2742 2081 2808; x_wconf 86' lang='lat' dir='ltr'>lineae</span> <span class='ocrx_word' id='word_1_132' title='bbox 2113 2740 2232 2807; x_wconf 90' lang='grc' dir='ltr'>ΑΘ</span> <span class='ocrx_word' id='word_1_133' title='bbox 2277 2741 2420 2806; x_wconf 86' lang='lat' dir='ltr'>siue</span> <span class='ocrx_word' id='word_1_134' title='bbox 2470 2744 2503 2803; x_wconf 87' lang='grc'><strong>7</strong></span> <span class='ocrx_word' id='word_1_135' title='bbox 2550 2740 2619 2804; x_wconf 93' lang='lat' dir='ltr'>in</span> <span class='ocrx_word' id='word_1_136' title='bbox 2650 2738 2773 2805; x_wconf 85' lang='grc' dir='ltr'>ΘΒ</span> <span class='ocrx_word' id='word_1_137' title='bbox 2817 2741 2959 2805; x_wconf 89' lang='lat' dir='ltr'>siue</span> <span class='ocrx_word' id='word_1_138' title='bbox 3006 2745 3043 2804; x_wconf 88' lang='lat'><strong>3</strong></span> 
     </span>
     <span class='ocr_line' id='line_1_19' title="bbox 589 2860 2032 2942; baseline 0.003 -18"><span class='ocrx_word' id='word_1_139' title='bbox 589 2860 1074 2942; x_wconf 79' lang='lat' dir='ltr'>multiplicatae,</span> <span class='ocrx_word' id='word_1_140' title='bbox 1122 2861 1250 2926; x_wconf 91' lang='lat' dir='ltr'>hoc</span> <span class='ocrx_word' id='word_1_141' title='bbox 1298 2867 1399 2926; x_wconf 88' lang='lat' dir='ltr'>est</span> <span class='ocrx_word' id='word_1_142' title='bbox 1440 2864 1542 2926; x_wconf 80' lang='lat'>42.</span> <span class='ocrx_word' id='word_1_143' title='bbox 1636 2861 1708 2942; x_wconf 91' lang='lat' dir='ltr'>Q.</span> <span class='ocrx_word' id='word_1_144' title='bbox 1757 2882 1819 2928; x_wconf 89' lang='lat' dir='ltr'>n.</span> <span class='ocrx_word' id='word_1_145' title='bbox 1868 2880 1923 2927; x_wconf 90' lang='lat' dir='ltr'>e.</span> <span class='ocrx_word' id='word_1_146' title='bbox 1972 2863 2032 2928; x_wconf 90' lang='lat' dir='ltr'>d.</span> 
     </span>
    </p>

    <p class='ocr_par' dir='ltr' id='par_1_10' title="bbox 587 2979 3051 3547">
     <span class='ocr_line' id='line_1_20' title="bbox 759 2979 3051 3065; baseline -0.001 -17"><span class='ocrx_word' id='word_1_147' title='bbox 759 2980 827 3048; x_wconf 86' lang='lat' dir='ltr'>Si</span> <span class='ocrx_word' id='word_1_148' title='bbox 860 2980 1034 3046; x_wconf 85' lang='lat' dir='ltr'>hanc</span> <span class='ocrx_word' id='word_1_149' title='bbox 1070 2981 1588 3064; x_wconf 83' lang='lat' dir='ltr'>propositionem</span> <span class='ocrx_word' id='word_1_150' title='bbox 1634 2981 1809 3048; x_wconf 89' lang='lat' dir='ltr'>nulla</span> <span class='ocrx_word' id='word_1_151' title='bbox 1841 2981 2045 3065; x_wconf 85' lang='lat' dir='ltr'>figura</span> <span class='ocrx_word' id='word_1_152' title='bbox 2090 2979 2386 3048; x_wconf 86' lang='lat' dir='ltr'>adhibita</span> <span class='ocrx_word' id='word_1_153' title='bbox 2431 3000 2512 3047; x_wconf 83' lang='lat' dir='ltr'>ex</span> <span class='ocrx_word' id='word_1_154' title='bbox 2555 2981 2813 3046; x_wconf 89' lang='lat' dir='ltr'>ratione</span> <span class='ocrx_word' id='word_1_155' title='bbox 2845 2979 3051 3046; x_wconf 89' lang='lat' dir='ltr'>Hero·</span> 
     </span>
     <span class='ocr_line' id='line_1_21' title="bbox 587 3100 3049 3186; baseline -0.001 -19"><span class='ocrx_word' id='word_1_156' title='bbox 587 3102 689 3167; x_wconf 86' lang='lat' dir='ltr'>nis</span> <span class='ocrx_word' id='word_1_157' title='bbox 720 3101 830 3166; x_wconf 88' lang='lat' dir='ltr'>uia</span> <span class='ocrx_word' id='word_1_158' title='bbox 859 3102 1192 3185; x_wconf 80' lang='lat' dir='ltr'>analytica</span> <span class='ocrx_word' id='word_1_159' title='bbox 1225 3101 1678 3168; x_wconf 86' lang='lat' dir='ltr'>demonstrare</span> <span class='ocrx_word' id='word_1_160' title='bbox 1709 3103 2129 3183; x_wconf 66' lang='lat' dir='ltr'>uoluerimuS,</span> <span class='ocrx_word' id='word_1_161' title='bbox 2173 3100 2639 3185; x_wconf 89' lang='lat' dir='ltr'>quaerendum,</span> <span class='ocrx_word' id='word_1_162' title='bbox 2688 3121 2818 3186; x_wconf 89' lang='lat' dir='ltr'>quo</span> <span class='ocrx_word' id='word_1_163' title='bbox 2850 3100 3049 3167; x_wconf 89' lang='lat' dir='ltr'>modo</span> 
     </span>
     <span class='ocr_line' id='line_1_22' title="bbox 592 3220 3051 3305; baseline 0 -20"><span class='ocrx_word' id='word_1_164' title='bbox 592 3220 980 3304; x_wconf 85' lang='lat' dir='ltr'>quadratum</span> <span class='ocrx_word' id='word_1_165' title='bbox 1033 3222 1250 3291; x_wconf 89' lang='lat' dir='ltr'>lineae</span> <span class='ocrx_word' id='word_1_166' title='bbox 1281 3222 1406 3287; x_wconf 86' lang='lat' dir='ltr'>AB</span> <span class='ocrx_word' id='word_1_167' title='bbox 1449 3222 1821 3289; x_wconf 83' lang='lat' dir='ltr'>resoluatur</span> <span class='ocrx_word' id='word_1_168' title='bbox 1876 3224 1944 3287; x_wconf 89' lang='lat' dir='ltr'>in</span> <span class='ocrx_word' id='word_1_169' title='bbox 2002 3242 2327 3288; x_wconf 85' lang='lat' dir='ltr'>summam</span> <span class='ocrx_word' id='word_1_170' title='bbox 2374 3222 2651 3286; x_wconf 89' lang='lat' dir='ltr'>duorum</span> <span class='ocrx_word' id='word_1_171' title='bbox 2697 3220 3051 3305; x_wconf 87' lang='lat' dir='ltr'>quadrato-</span> 
     </span>
     <span class='ocr_line' id='line_1_23' title="bbox 591 3339 3050 3429; baseline 0 -24"><span class='ocrx_word' id='word_1_172' title='bbox 591 3361 735 3406; x_wconf 89' lang='lat' dir='ltr'>rum</span> <span class='ocrx_word' id='word_1_173' title='bbox 783 3339 1154 3429; x_wconf 85' lang='lat' dir='ltr'>[linearum]</span> <span class='ocrx_word' id='word_1_174' title='bbox 1201 3341 1342 3424; x_wconf 87' lang='grc' dir='ltr'>ΑΘ,</span> <span class='ocrx_word' id='word_1_175' title='bbox 1388 3340 1513 3408; x_wconf 92' lang='grc' dir='ltr'>ΘΒ</span> <span class='ocrx_word' id='word_1_176' title='bbox 1579 3350 1646 3410; x_wconf 87' lang='lat' dir='ltr'>et</span> <span class='ocrx_word' id='word_1_177' title='bbox 1711 3342 1778 3409; x_wconf 90' lang='lat' dir='ltr'>in</span> <span class='ocrx_word' id='word_1_178' title='bbox 1845 3344 2130 3425; x_wconf 89' lang='lat' dir='ltr'>spatium</span> <span class='ocrx_word' id='word_1_179' title='bbox 2195 3340 2452 3408; x_wconf 88' lang='lat' dir='ltr'>duabus</span> <span class='ocrx_word' id='word_1_180' title='bbox 2506 3340 2697 3407; x_wconf 86' lang='lat' dir='ltr'>lineis</span> <span class='ocrx_word' id='word_1_181' title='bbox 2740 3339 2881 3423; x_wconf 82' lang='lat' dir='ltr'>AG,</span> <span class='ocrx_word' id='word_1_182' title='bbox 2929 3339 3050 3406; x_wconf 92' lang='grc' dir='ltr'>ΘΒ</span> 
     </span>
     <span class='ocr_line' id='line_1_24' title="bbox 593 3462 1694 3547; baseline 0.003 -21"><span class='ocrx_word' id='word_1_183' title='bbox 593 3462 1149 3545; x_wconf 85' lang='lat' dir='ltr'>comprehensum</span> <span class='ocrx_word' id='word_1_184' title='bbox 1195 3464 1298 3529; x_wconf 82' lang='lat' dir='ltr'>bis</span> <span class='ocrx_word' id='word_1_185' title='bbox 1344 3471 1694 3547; x_wconf 85' lang='lat' dir='ltr'>sumptum.</span> 
     </span>
    </p>

    <p class='ocr_par' dir='ltr' id='par_1_11' title="bbox 507 3581 3059 4386">
     <span class='ocr_line' id='line_1_25' title="bbox 766 3581 3055 3665; baseline -0.001 -18"><span class='ocrx_word' id='word_1_186' title='bbox 766 3582 1092 3663; x_wconf 87' lang='lat' dir='ltr'>Quoniam</span> <span class='ocrx_word' id='word_1_187' title='bbox 1137 3582 1313 3649; x_wconf 91' lang='lat' dir='ltr'>linea</span> <span class='ocrx_word' id='word_1_188' title='bbox 1344 3581 1468 3648; x_wconf 86' lang='lat' dir='ltr'>AB</span> <span class='ocrx_word' id='word_1_189' title='bbox 1499 3584 1566 3647; x_wconf 93' lang='lat' dir='ltr'>in</span> <span class='ocrx_word' id='word_1_190' title='bbox 1614 3584 1778 3649; x_wconf 88' lang='lat' dir='ltr'>duas</span> <span class='ocrx_word' id='word_1_191' title='bbox 1822 3584 2035 3650; x_wconf 89' lang='lat' dir='ltr'>lineas</span> <span class='ocrx_word' id='word_1_192' title='bbox 2066 3582 2206 3665; x_wconf 85' lang='grc' dir='ltr'>ΑΘ,</span> <span class='ocrx_word' id='word_1_193' title='bbox 2261 3582 2383 3651; x_wconf 85' lang='grc' dir='ltr'>ΘΒ</span> <span class='ocrx_word' id='word_1_194' title='bbox 2429 3583 2641 3649; x_wconf 90' lang='lat' dir='ltr'>diuisa</span> <span class='ocrx_word' id='word_1_195' title='bbox 2687 3589 2805 3661; x_wconf 83' lang='lat' dir='ltr'>est,</span> <span class='ocrx_word' id='word_1_196' title='bbox 2854 3600 2935 3647; x_wconf 83' lang='lat' dir='ltr'>ex</span> <span class='ocrx_word' id='word_1_197' title='bbox 2980 3581 3055 3663; x_wconf 90' lang='grc' dir='ltr'>ΙΙ,</span> 
     </span>
     <span class='ocr_line' id='line_1_26' title="bbox 596 3702 3057 3785; baseline 0.001 -20"><span class='ocrx_word' id='word_1_198' title='bbox 596 3704 634 3765; x_wconf 87' lang='grc'><strong>2</strong></span> <span class='ocrx_word' id='word_1_199' title='bbox 681 3702 1074 3785; x_wconf 84' lang='lat' dir='ltr'>quadratum</span> <span class='ocrx_word' id='word_1_200' title='bbox 1116 3703 1332 3769; x_wconf 88' lang='lat' dir='ltr'>lineae</span> <span class='ocrx_word' id='word_1_201' title='bbox 1363 3702 1489 3768; x_wconf 78' lang='grc' dir='ltr'>ΑΒ</span> <span class='ocrx_word' id='word_1_202' title='bbox 1534 3703 1912 3769; x_wconf 81' lang='lat' dir='ltr'>dissoluitur</span> <span class='ocrx_word' id='word_1_203' title='bbox 1955 3704 2023 3768; x_wconf 93' lang='lat' dir='ltr'>in</span> <span class='ocrx_word' id='word_1_204' title='bbox 2070 3722 2394 3769; x_wconf 87' lang='lat' dir='ltr'>summam</span> <span class='ocrx_word' id='word_1_205' title='bbox 2450 3703 2833 3785; x_wconf 82' lang='lat' dir='ltr'>spatiorum,</span> <span class='ocrx_word' id='word_1_206' title='bbox 2892 3721 3057 3785; x_wconf 89' lang='lat' dir='ltr'>quo-</span> 
     </span>
     <span class='ocr_line' id='line_1_27' title="bbox 593 3806 3055 3905; baseline -0.001 -17"><span class='ocrx_word' id='word_1_207' title='bbox 593 3842 740 3888; x_wconf 84' lang='lat' dir='ltr'>rum</span> <span class='ocrx_word' id='word_1_208' title='bbox 819 3821 1096 3888; x_wconf 87' lang='lat' dir='ltr'>alterum</span> <span class='ocrx_word' id='word_1_209' title='bbox 1171 3823 1362 3889; x_wconf 87' lang='lat' dir='ltr'>lineis</span> <span class='ocrx_word' id='word_1_210' title='bbox 1427 3806 1592 3903; x_wconf 83' lang='lat' dir='ltr'><strong><em>BA‚&#39;</em></strong></span> <span class='ocrx_word' id='word_1_211' title='bbox 1654 3822 1774 3888; x_wconf 82' lang='lat' dir='ltr'>AG</span> <span class='ocrx_word' id='word_1_212' title='bbox 1841 3824 2445 3905; x_wconf 81' lang='lat' dir='ltr'>comprehenditur,</span> <span class='ocrx_word' id='word_1_213' title='bbox 2523 3824 2799 3888; x_wconf 87' lang='lat' dir='ltr'>alterum</span> <span class='ocrx_word' id='word_1_214' title='bbox 2864 3822 3055 3886; x_wconf 83' lang='lat' dir='ltr'>lineis</span> 
     </span>
     <span class='ocr_line' id='line_1_28' title="bbox 507 3940 3055 4027; baseline -0.001 -19"><span class='ocrx_word' id='word_1_215' title='bbox 507 3984 512 3989; x_wconf 92' lang='lat'>-</span> <span class='ocrx_word' id='word_1_216' title='bbox 595 3940 742 4022; x_wconf 87' lang='lat' dir='ltr'>AB,</span> <span class='ocrx_word' id='word_1_217' title='bbox 789 3941 932 4025; x_wconf 89' lang='grc' dir='ltr'>ΒΘ,</span> <span class='ocrx_word' id='word_1_218' title='bbox 1001 3944 1315 4027; x_wconf 90' lang='lat' dir='ltr'>quoniam</span> <span class='ocrx_word' id='word_1_219' title='bbox 1381 3943 1490 4008; x_wconf 90' lang='lat' dir='ltr'>illa</span> <span class='ocrx_word' id='word_1_220' title='bbox 1556 3944 1657 4008; x_wconf 89' lang='lat' dir='ltr'>his</span> <span class='ocrx_word' id='word_1_221' title='bbox 1702 3943 1959 4009; x_wconf 86' lang='lat' dir='ltr'>duabus</span> <span class='ocrx_word' id='word_1_222' title='bbox 2022 3944 2317 4027; x_wconf 81' lang='lat' dir='ltr'>aequalis</span> <span class='ocrx_word' id='word_1_223' title='bbox 2376 3951 2491 4007; x_wconf 86' lang='lat' dir='ltr'>est.</span> <span class='ocrx_word' id='word_1_224' title='bbox 2584 3943 2719 4007; x_wconf 89' lang='lat' dir='ltr'>Iam</span> <span class='ocrx_word' id='word_1_225' title='bbox 2768 3960 2850 4007; x_wconf 84' lang='lat' dir='ltr'>ex</span> <span class='ocrx_word' id='word_1_226' title='bbox 2896 3940 2969 4021; x_wconf 90' lang='grc' dir='ltr'>ΙΙ,</span> <span class='ocrx_word' id='word_1_227' title='bbox 3017 3946 3055 4005; x_wconf 91' lang='grc'><strong>3</strong></span> 
     </span>
     <span class='ocr_line' id='line_1_29' title="bbox 598 4061 3057 4145; baseline -0.001 -18"><span class='ocrx_word' id='word_1_228' title='bbox 598 4064 764 4128; x_wconf 87' lang='lat' dir='ltr'>haec</span> <span class='ocrx_word' id='word_1_229' title='bbox 835 4064 966 4128; x_wconf 87' lang='lat' dir='ltr'>duo</span> <span class='ocrx_word' id='word_1_230' title='bbox 1045 4064 1259 4145; x_wconf 85' lang='lat' dir='ltr'>spatia</span> <span class='ocrx_word' id='word_1_231' title='bbox 1336 4064 1463 4128; x_wconf 91' lang='lat' dir='ltr'>hoc</span> <span class='ocrx_word' id='word_1_232' title='bbox 1545 4063 1744 4128; x_wconf 90' lang='lat' dir='ltr'>modo</span> <span class='ocrx_word' id='word_1_233' title='bbox 1809 4062 2241 4129; x_wconf 86' lang='lat' dir='ltr'>resoluuntur.</span> <span class='ocrx_word' id='word_1_234' title='bbox 2368 4063 2693 4144; x_wconf 86' lang='lat' dir='ltr'>Quoniam</span> <span class='ocrx_word' id='word_1_235' title='bbox 2774 4061 3057 4143; x_wconf 87' lang='lat' dir='ltr'>spatium</span> 
     </span>
     <span class='ocr_line' id='line_1_30' title="bbox 598 4179 3057 4268; baseline -0.001 -21"><span class='ocrx_word' id='word_1_236' title='bbox 598 4182 788 4248; x_wconf 88' lang='lat' dir='ltr'>lineis</span> <span class='ocrx_word' id='word_1_237' title='bbox 856 4182 1008 4261; x_wconf 90' lang='lat' dir='ltr'>AB,</span> <span class='ocrx_word' id='word_1_238' title='bbox 1064 4181 1186 4247; x_wconf 92' lang='grc' dir='ltr'>ΑΘ</span> <span class='ocrx_word' id='word_1_239' title='bbox 1253 4183 1804 4265; x_wconf 87' lang='lat' dir='ltr'>comprehensum</span> <span class='ocrx_word' id='word_1_240' title='bbox 1873 4183 2151 4268; x_wconf 89' lang='lat' dir='ltr'>aequale</span> <span class='ocrx_word' id='word_1_241' title='bbox 2226 4190 2329 4248; x_wconf 87' lang='lat' dir='ltr'>est</span> <span class='ocrx_word' id='word_1_242' title='bbox 2393 4184 2607 4266; x_wconf 83' lang='lat' dir='ltr'>spatio</span> <span class='ocrx_word' id='word_1_243' title='bbox 2668 4182 2856 4247; x_wconf 85' lang='lat' dir='ltr'>lineis</span> <span class='ocrx_word' id='word_1_244' title='bbox 2915 4179 3057 4261; x_wconf 89' lang='grc' dir='ltr'>ΒΘ,</span> 
     </span>
     <span class='ocr_line' id='line_1_31' title="bbox 600 4298 3059 4386; baseline -0.002 -19"><span class='ocrx_word' id='word_1_245' title='bbox 600 4304 720 4367; x_wconf 78' lang='grc' dir='ltr'>ΘΑ</span> <span class='ocrx_word' id='word_1_246' title='bbox 765 4302 1246 4385; x_wconf 84' lang='lat' dir='ltr'>comprehenso</span> <span class='ocrx_word' id='word_1_247' title='bbox 1294 4322 1444 4367; x_wconf 90' lang='lat' dir='ltr'>cum</span> <span class='ocrx_word' id='word_1_248' title='bbox 1491 4303 1813 4386; x_wconf 89' lang='lat' dir='ltr'>quadrato</span> <span class='ocrx_word' id='word_1_249' title='bbox 1857 4303 1999 4384; x_wconf 89' lang='grc' dir='ltr'>ΑΘ,</span> <span class='ocrx_word' id='word_1_250' title='bbox 2062 4310 2123 4367; x_wconf 92' lang='lat' dir='ltr'>et</span> <span class='ocrx_word' id='word_1_251' title='bbox 2182 4304 2465 4385; x_wconf 86' lang='lat' dir='ltr'>spatium</span> <span class='ocrx_word' id='word_1_252' title='bbox 2526 4303 2715 4367; x_wconf 91' lang='lat' dir='ltr'>lineis</span> <span class='ocrx_word' id='word_1_253' title='bbox 2744 4299 2893 4382; x_wconf 84' lang='lat' dir='ltr'>AB,</span> <span class='ocrx_word' id='word_1_254' title='bbox 2937 4298 3059 4363; x_wconf 89' lang='grc' dir='ltr'>ΒΘ</span> 
     </span>
    </p>
   </div>
   <div class='ocr_carea' id='block_1_4' title="bbox 601 4421 3059 4627">
    <p class='ocr_par' dir='ltr' id='par_1_12' title="bbox 601 4421 3059 4627">
     <span class='ocr_line' id='line_1_32' title="bbox 601 4421 3056 4505; baseline -0.002 -17"><span class='ocrx_word' id='word_1_255' title='bbox 601 4424 1147 4505; x_wconf 85' lang='lat' dir='ltr'>comprehensum</span> <span class='ocrx_word' id='word_1_256' title='bbox 1197 4424 1409 4505; x_wconf 85' lang='lat' dir='ltr'>spatio</span> <span class='ocrx_word' id='word_1_257' title='bbox 1455 4422 1648 4488; x_wconf 87' lang='lat' dir='ltr'>lineis</span> <span class='ocrx_word' id='word_1_258' title='bbox 1676 4421 1816 4500; x_wconf 87' lang='grc' dir='ltr'>ΑΘ,</span> <span class='ocrx_word' id='word_1_259' title='bbox 1850 4422 1973 4487; x_wconf 92' lang='grc' dir='ltr'>ΘΒ</span> <span class='ocrx_word' id='word_1_260' title='bbox 2010 4423 2489 4505; x_wconf 86' lang='lat' dir='ltr'>comprehenso</span> <span class='ocrx_word' id='word_1_261' title='bbox 2538 4441 2688 4487; x_wconf 91' lang='lat' dir='ltr'>cum</span> <span class='ocrx_word' id='word_1_262' title='bbox 2735 4421 3056 4504; x_wconf 87' lang='lat' dir='ltr'>quadrato</span> 
     </span>
     <span class='ocr_line' id='line_1_33' title="bbox 603 4540 3059 4627; baseline -0.001 -19"><span class='ocrx_word' id='word_1_263' title='bbox 603 4541 744 4625; x_wconf 92' lang='grc' dir='ltr'>ΘΒ,</span> <span class='ocrx_word' id='word_1_264' title='bbox 792 4563 1050 4609; x_wconf 84' lang='lat' dir='ltr'>summa</span> <span class='ocrx_word' id='word_1_265' title='bbox 1096 4543 1562 4627; x_wconf 85' lang='lat' dir='ltr'>quadratorum</span> <span class='ocrx_word' id='word_1_266' title='bbox 1609 4544 1930 4609; x_wconf 88' lang='lat' dir='ltr'>linearum</span> <span class='ocrx_word' id='word_1_267' title='bbox 1975 4540 2115 4623; x_wconf 85' lang='grc' dir='ltr'>ΑΘ,</span> <span class='ocrx_word' id='word_1_268' title='bbox 2162 4541 2285 4607; x_wconf 93' lang='grc' dir='ltr'>ΘΒ</span> <span class='ocrx_word' id='word_1_269' title='bbox 2330 4543 2553 4609; x_wconf 89' lang='lat' dir='ltr'>addito</span> <span class='ocrx_word' id='word_1_270' title='bbox 2601 4541 2796 4623; x_wconf 89' lang='lat' dir='ltr'>duplo</span> <span class='ocrx_word' id='word_1_271' title='bbox 2844 4542 3059 4623; x_wconf 89' lang='lat' dir='ltr'>spatio</span> 
     </span>
    </p>
   </div>
   <div class='ocr_carea' id='block_1_5' title="bbox 677 4800 1473 4869">
    <p class='ocr_par' dir='ltr' id='par_1_13' title="bbox 677 4800 1473 4869">
     <span class='ocr_line' id='line_1_34' title="bbox 677 4800 1473 4869; baseline 0.004 -19"><span class='ocrx_word' id='word_1_272' title='bbox 677 4801 776 4869; x_wconf 88' lang='lat'><strong>²·¹)</strong></span> <span class='ocrx_word' id='word_1_273' title='bbox 815 4800 998 4855; x_wconf 86' lang='lat' dir='ltr'>Uerba</span> <span class='ocrx_word' id='word_1_274' title='bbox 1033 4801 1180 4855; x_wconf 86' lang='lat' dir='ltr'>male</span> <span class='ocrx_word' id='word_1_275' title='bbox 1221 4800 1473 4868; x_wconf 86' lang='lat' dir='ltr'>repetita.</span> 
     </span>
    </p>
   </div>
  </div>
 </body>
</html>
