3957 6007
1617 615 2034 674 -Π-

763 831 1020 895 Heron
1085 831 1389 915 dixit:*)
1451 832 1935 898 Demonstratio
1988 834 2181 898 huius
2233 835 2703 917 propositionis
2764 854 2880 917 per
2932 835 3046 900 de-

590 951 1132 1016 monstrationem
1179 953 1429 1034 primae
1475 953 1666 1018 huius
1709 954 1858 1019 libri
1891 954 2362 1036 propositionis
2410 955 2583 1020 nulla
2628 954 2833 1037 figura
2880 961 3045 1036 eget.

591 1069 1032 1151 Supponimus
1079 1073 1274 1150 enim,
1322 1071 1514 1138 nobis
1555 1091 1702 1138 esse
1738 1074 1902 1140 duas
1935 1075 2146 1139 lineas
2182 1073 2372 1140 datas
2396 1073 2541 1154 ΑΒ,
2582 1073 2725 1156 BG,
2772 1075 3047 1139 alteram

588 1187 712 1253 BG
745 1209 878 1254 non
925 1191 1232 1268 diuisam,
1281 1190 1556 1257 alteram
1589 1190 1716 1258 AB
1760 1194 1827 1258 in
1873 1201 2119 1277 puncto
2154 1193 2213 1258 G
2257 1195 2559 1260 diuisam.
2630 1192 3047 1259 Manifestum

589 1315 705 1388 est,
743 1310 1028 1391 spatium
1072 1310 1246 1376 linea
1289 1331 1426 1376 non
1462 1313 1678 1378 diuisa
1720 1320 1785 1379 et
1820 1315 1998 1380 linea
2018 1313 2147 1380 AB
2182 1315 2729 1397 comprehensum
2768 1313 3045 1396 aequale

589 1447 736 1494 esse
782 1449 1080 1495 summae
1133 1432 1514 1513 spatiorum,
1584 1451 1755 1517 quae
1813 1435 2379 1517 comprehendunt
2435 1435 2609 1500 linea
2653 1453 2787 1498 non
2835 1433 3047 1498 diuisa

590 1555 656 1613 et
698 1556 920 1631 partes
968 1550 1180 1617 lineae
1236 1552 1508 1632 diuisae,
1570 1554 1630 1618 h.
1679 1573 1736 1619 e.
1786 1555 1957 1620 duae
2003 1561 2224 1637 partes
2266 1553 2408 1636 AG,
2465 1553 2605 1620 GB.
2697 1553 2825 1620 Sed
2870 1551 3047 1618 linea

589 1686 722 1733 non
783 1669 997 1736 diuisa
1055 1670 1270 1737 lineae
1315 1671 1437 1736 ΘΒ
1484 1673 1780 1757 aequalis
1840 1679 1967 1755 est;
2039 1693 2242 1758 quare
2288 1675 2591 1757 spatium,
2654 1673 2831 1756 quod
2873 1668 3047 1737 linea

589 1807 722 1854 non
789 1789 1002 1855 diuisa
1070 1797 1136 1856 et
1197 1791 1372 1858 linea
1416 1791 1539 1857 GR
1605 1794 2199 1878 comprehenditur,
2278 1794 2599 1878 quadrato
2665 1793 2879 1858 lineae
2926 1791 3049 1856 ΘΒ

588 1909 866 1991 aequale
913 1915 1030 1976 est.
1105 1910 1274 1994 Ergo
1319 1913 1603 1994 spatium
1644 1913 1835 1978 lineis
1881 1913 2029 1992 AB,
2062 1911 2195 1978 BG
2232 1914 2779 1996 comprehensum
2810 1912 3045 1994 spati0‚

589 2029 765 2111 quod
834 2030 1400 2112 comprehendunt
1463 2031 1678 2099 lineae
1723 2032 1862 2115 AG,
1931 2031 2073 2115 ΘΒ,
2143 2041 2208 2099 et
2275 2033 2598 2118 quadrato
2666 2033 2879 2098 lineae
2924 2029 3049 2097 ΘΒ

589 2149 867 2233 aequale
913 2159 1030 2216 est.
1122 2150 1196 2231 Q.
1245 2171 1307 2216 n.
1355 2170 1410 2217 e.
1460 2154 1519 2219 d.
2458 2137 2461 2140 ⁴

1033 2270 2602 2421 B÷*‘——'—,.;5———'A

1248 2651 1663 2738 Propositlo
1709 2652 1808 2721 IV
1857 2653 2031 2719 libri
2078 2651 2402 2720 secundi.

763 2821 830 2888 Si
861 2821 1034 2889 linea
1065 2831 1398 2908 utcunque
1429 2825 1495 2888 in
1529 2824 1692 2890 duas
1725 2831 1946 2906 partes
1978 2823 2305 2904 diuiditur,
2339 2825 2729 2909 quadratum
2750 2823 2795 2904 ¹)
2834 2821 3046 2887 lineae

591 2942 792 3007 totius
857 2945 1134 3028 aequale
1203 2952 1305 3011 est
1370 2945 1627 3012 duobus
1695 2943 2033 3029 quadratis
2102 2944 2375 3011 duarum
2444 2943 2721 3027 partium
2782 2944 2923 3008 eius
2984 2949 3049 3008 et

590 3062 786 3145 duplo
833 3065 1046 3148 spatio
1095 3065 1351 3131 duabus
1395 3066 1690 3149 partibus
1733 3066 1947 3131 lineae
1996 3068 2495 3148 comprehenso.

763 3184 1432 3267 Exemplifioatio.
1526 3187 1729 3251 Linea
1774 3184 1900 3251 AB
1957 3188 2027 3251 in
2073 3193 2319 3268 puncto
2366 3184 2423 3249 G
2477 3187 2544 3250 in
2601 3186 2766 3251 duas
2824 3192 3046 3266 partes

589 3304 914 3370 diuiditur.
974 3305 1158 3385 Dion,
1193 3307 1584 3390 quadratum
1612 3306 1828 3373 lineae
1852 3306 1980 3371 AB
2002 3307 2280 3390 aequale
2312 3324 2458 3371 esse
2483 3305 2740 3371 duobus
2765 3305 3046 3389 quadra-

589 3424 672 3489 tis
716 3424 990 3489 duarum
1036 3428 1317 3509 partium
1362 3425 1482 3492 AG
1525 3434 1589 3493 et
1619 3425 1743 3491 GR
1787 3434 1852 3492 et
1908 3428 2105 3509 duplo
2162 3427 2377 3509 spatio
2437 3426 2693 3491 duabus
2749 3424 3046 3508 partibus

589 3543 729 3624 AG,
762 3542 885 3609 ΘΒ
931 3547 1431 3628 comprehenso,

760 3666 1376 3733 DemonstratiO.
1470 3668 1536 3731 In
1599 3667 1774 3733 linea
1829 3666 1958 3733 AB
2018 3688 2099 3734 ex
2164 3668 2221 3747 Ι,
2287 3671 2371 3732 45
2433 3668 2825 3750 quadratum
2885 3685 3045 3731 con-

589 3787 916 3867 struimuS‚
965 3789 1139 3870 quod
1187 3788 1272 3851 sit
1300 3788 1708 3871 quadratum
1751 3776 2033 3854 ADEB.
2116 3788 2519 3853 Diametrum
2562 3785 2699 3851 BD
2746 3787 3045 3851 ducimus

591 3913 652 3971 et
700 3924 781 3970 ex
825 3906 870 3987 Ι,
919 3910 994 3971 31
1044 3908 1283 3973 lineam
1332 3907 1470 3972 GH
1505 3908 1760 3974 duabus
1804 3909 1994 3974 lineis
2039 3908 2194 3990 AD,
2254 3907 2386 3971 BE
2421 3908 2820 3991 parallelam‚
2876 3926 3047 3993 quae

709 4164 760 4233 ³⁸²)
799 4162 987 4218 Schol.
1027 4164 1198 4218 Elem.
1235 4165 1281 4218 II
1317 4181 1396 4219 nr.
1433 4168 1504 4219 24
1537 4182 1587 4235 p.
1625 4167 1744 4233 230,
1783 4166 1848 4218 13
1884 4181 2005 4235 sqq.

659 4270 706 4301 ¹·
724 4268 762 4336 ¹)
797 4267 950 4322 Haec
985 4268 1160 4321 uerba
1194 4268 1251 4321 in
1290 4268 1486 4323 codice
1521 4268 1772 4338 repetita.

714 4387 850 4453 2)1n
887 4364 1136 4457 immine
1175 4391 1288 4442 est:
1359 4379 1530 4465 «με,
1584 4375 1822 4486 mu,
1878 4376 2021 4465 «μω
2074 4376 2239 4451 aaz„
2291 4394 2347 4476 ρ,
2405 4362 2563 4452 1032
2620 4375 2858 4486 μ
2909 4373 3044 4479 „ts

1628 4506 2087 4641 Θρβίιρνί
2125 4532 2183 4615 3
2220 4512 2537 4624 hmo->5
2580 4529 2761 4588 aas
2804 4530 2860 4613 3
2899 4530 3045 4628 [με

997 4646 1330 4702 Laterculun
1385 4646 1570 4701 lineae
1623 4646 1682 4701 in
1735 4662 1798 4700 se
1849 4644 2256 4715 multiplicatae
2320 4646 2577 4716 aequalis
2634 4648 2722 4699 est
2772 4644 3045 4699 laterculo

795 4730 1143 4799 singularum
1186 4733 1429 4800 partium
1473 4734 1532 4786 in
1584 4748 1646 4786 se
1694 4730 2193 4800 multiplicatamm
2231 4736 2286 4786 et
2321 4731 2553 4787 alterius
2590 4731 2647 4785 in
2684 4732 2917 4785 alteram
2957 4731 3045 4785 bis

793 4814 1218 4885 multiplicatae.

2672 4956 2706 5008 3
