3957 6007
1629 631 2047 692 -45—

600 851 839 918 solutio
887 851 1061 918 facta
1108 857 1208 917 est
1253 851 1336 916 ad
1382 851 1905 934 propositionem
1939 858 2261 934 quartam,
2310 850 2547 916 deinde
2578 852 2662 917 ad
2695 853 3060 933 septimam.

601 972 678 1055 Q.
727 993 788 1037 n.
840 992 893 1038 e.
946 973 1005 1038 d.

771 1092 856 1157 In
921 1094 1244 1159 ratione
1311 1094 1788 1178 synthetiea
1855 1095 2038 1175 inde,
2122 1093 2190 1157 in
2257 1093 2433 1176 quod
2491 1091 2802 1158 resolutio
2870 1092 3063 1157 nobis

600 1213 813 1293 desiit,
861 1213 1232 1295 incipimus,

771 1332 1098 1413 Quoniam
1160 1333 1593 1416 quadruplum
1653 1337 1938 1416 spatium
2002 1333 2261 1399 duabus
2303 1333 2493 1398 lineis
2525 1331 2670 1413 AB,
2720 1331 2839 1397 ΒΘ
2886 1353 3064 1398 com-

600 1454 998 1535 prehensum
1066 1472 1216 1518 cum
1286 1454 1610 1537 quadrato
1678 1454 1892 1520 lineae
1922 1453 2047 1519 ΑΘ
2102 1453 2218 1538 †*)
2265 1453 2463 1536 duplo
2532 1454 2748 1534 spatio
2808 1453 3066 1518 duabus

599 1574 790 1638 lineis
829 1573 986 1654 AB,
1047 1572 1171 1637 ΒΘ
1233 1592 1382 1639 cum
1446 1574 1768 1657 quadrato
1829 1576 2048 1640 lineae
2094 1572 2216 1638 ΑΘ
2276 1573 2616 1639 subtracto
2682 1573 3067 1655 relinquitur

599 1695 866 1775 duplum
922 1694 1208 1775 spatium
1268 1694 1526 1759 duabus
1580 1695 1771 1760 lineis
1801 1694 1945 1776 AB,
1995 1693 2117 1758 ΒΘ
2163 1695 2735 1776 comprehensum.
2827 1693 2963 1757 Iam
3010 1693 3065 1755 si

600 1833 719 1896 pro
768 1813 962 1896 duplo
1009 1815 1226 1896 spatio
1273 1814 1532 1880 duabus
1589 1815 1781 1881 lineis
1811 1813 1957 1896 AB,
2006 1814 2129 1879 ΒΘ
2175 1815 2656 1896 comprehenso
2706 1833 2855 1878 cum
2903 1833 3067 1895 qua-

600 1935 786 2000 drato
831 1934 1047 2026 lineae
1078 1934 1200 2000 ΑΘ
1231 1955 1556 2000 summam
1603 1936 1881 2002 duorum
1921 1935 2393 2019 quadratorum
2425 1935 2698 2000 duarum
2746 1933 3063 1998 linearum

599 2056 742 2137 AB,
787 2054 910 2119 ΒΘ
955 2056 1429 2138 sumpserimus
1475 2061 1540 2122 et
1585 2057 1752 2121 haec
1798 2058 1884 2122 ad
1931 2057 2199 2138 duplum
2246 2057 2531 2137 spatium
2577 2054 2833 2118 duabus
2878 2055 3068 2118 lineis

599 2175 745 2258 ΑΒ,
793 2175 917 2241 ΒΘ
971 2177 1522 2259 comprehensum
1579 2176 2046 2258 addiderimuS‚
2107 2195 2188 2242 ex
2234 2175 2310 2250 11,
2371 2179 2404 2237 7
2454 2175 2719 2258 duplum
2782 2177 3065 2257 spatium

601 2297 856 2363 duabus
900 2296 1090 2363 lineis
1121 2295 1266 2379 AB,
1309 2296 1427 2362 ΒΘ
1462 2297 2015 2379 comprehensum
2060 2316 2211 2361 cum
2258 2295 2517 2360 duobus
2564 2296 2905 2378 quadratis
2951 2296 3067 2360 du-

603 2439 786 2484 arum
842 2419 1166 2483 linearum
1209 2416 1356 2499 AB,
1412 2416 1546 2484 ΒΘ
1600 2418 1878 2501 aequale
1936 2419 2059 2483 erit
2114 2416 2479 2500 quadruplo
2536 2418 2752 2499 spatio
2812 2416 3068 2482 duabus

605 2540 794 2604 lineis
847 2537 990 2618 AB,
1063 2536 1182 2602 ΒΘ
1252 2538 1733 2620 comprehenso
1803 2557 1956 2603 eum
2024 2537 2347 2621 quadrato
2415 2536 2631 2601 lineae
2684 2535 2822 2601 ΑΘ.
2938 2537 3068 2603 Sed

602 2658 987 2724 BGaBD.
1081 2659 1309 2742 Itaque
1356 2659 1624 2741 duplum
1670 2659 1955 2740 spatium
2003 2657 2260 2723 duabus
2304 2656 2495 2722 lineis
2526 2654 2671 2737 AB,
2716 2655 2839 2720 ΒΘ
2886 2675 3068 2721 com—

603 2782 998 2863 prehensum
1061 2799 1210 2844 cum
1268 2798 1527 2845 summa
1573 2779 1850 2844 duorum
1898 2778 2369 2863 quadratorum
2415 2776 2691 2842 duarum
2746 2777 3067 2842 linearum

603 2900 746 2982 ΑΒ,
794 2899 916 2965 ΒΘ
962 2900 1240 2983 aequale
1302 2906 1403 2964 est
1459 2899 1656 2981 duplo
1713 2901 1929 2982 spatio
1989 2899 2245 2964 duabus
2291 2898 2483 2962 lineis
2514 2895 2657 2976 AB,
2706 2894 2842 2959 BD
2891 2915 3069 2960 com-

603 3023 930 3105 prehenso
991 3041 1142 3087 eum
1200 3040 1457 3087 summa
1518 3020 1796 3085 duorum
1864 3021 2336 3104 quadratorum
2406 3018 2679 3082 duarum
2748 3018 3067 3082 linearum

602 3142 747 3223 AB,
807 3142 964 3208 BD.
1077 3142 1205 3209 Sed
1277 3162 1360 3207 ex
1426 3141 1502 3223 11,
1569 3144 1612 3205 4
1671 3140 1936 3224 duplum
2005 3141 2289 3224 spatium
2357 3138 2613 3204 duabus
2678 3138 2869 3203 lineis
2920 3138 3066 3219 AB,

603 3263 738 3329 BD
785 3264 1334 3346 comprehensum
1390 3281 1542 3328 cum
1598 3281 1858 3328 summa
1915 3264 2193 3327 duorum
2250 3259 2721 3344 quadratorum
2790 3259 3067 3324 duarum

601 3385 922 3449 linearum
973 3382 1101 3447 AB
1117 3435 1132 3464 ‚
1202 3382 1341 3447 BD
1421 3383 1697 3467 aequale
1780 3389 1880 3447 est
1961 3382 2285 3465 quadrato
2364 3381 2579 3446 lineae
2632 3380 2785 3444 AD.
2898 3379 3067 3461 Ergo

605 3505 1037 3589 quadruplum
1111 3504 1397 3585 spatium
1473 3502 1728 3569 duabus
1802 3502 1993 3567 lineis
2067 3499 2224 3582 AB,
2303 3499 2439 3564 BD
2514 3501 3067 3582 comprehensum

605 3645 756 3690 cum
849 3625 1172 3707 quadrato
1249 3624 1464 3689 lineae
1538 3622 1674 3687 AD
1750 3620 1914 3709 [Ser.
1991 3620 2139 3709 ΑΘ]
2218 3622 2495 3705 aequale
2572 3629 2672 3687 est
2746 3620 3069 3704 quadrato

601 3747 817 3811 lineae
861 3744 1018 3810 AD.
1110 3744 1184 3825 Q.
1234 3764 1296 3809 n.
1346 3764 1401 3808 e.
1460 3743 1519 3809 d.

1056 3986 1204 4051 Do
1481 3955 2485 4100 “g——g———l
2542 3966 2599 4029 Α

1358 4147 1663 4235 Um
1713 4138 1810 4221 (In
1856 4138 2022 4203 duas
2067 4145 2290 4221 partes
2336 4135 2693 4219 aequales).

717 4623 770 4688 ²¹¹)
805 4620 866 4673 In
903 4622 1056 4674 textu
1093 4622 1282 4689 aperte
1320 4620 1526 4673 lacuna
1562 4622 1662 4673 est.

717 4742 756 4811 1)
807 4741 866 4795 [n
903 4740 1125 4795 codice:
1163 4712 1437 4805 5-1]Ωρ
1473 4762 1600 4835 &9¹⁴9
1639 4725 1892 4837 &ml
1930 4725 2145 4857 8),ρθ
2186 4762 2281 4859 Co
2348 4741 2499 4808 (cum
2554 4739 2827 4810 quadrato
2882 4740 3067 4795 lineae

809 4846 950 4914 ΑΘ),
988 4844 1089 4899 sed
1127 4860 1320 4897 rursus
1359 4844 1559 4897 deleta.
