3957 6007
1598 618 2019 680 -27-

574 836 965 920 quadratum
1012 835 1150 901 ΕΗ
1185 836 1509 921 quadrato
1554 837 1769 902 lineae
1814 836 1946 902 GD
1993 837 2289 921 aequale,
2358 843 2567 902 totum
2613 845 2833 903 autem
2880 857 3037 923 qua·

575 957 834 1022 dratum
876 954 998 1021 GZ
1035 958 1350 1039 gnomoni
1393 955 1572 1029 ΝΞΟ
1618 976 1769 1023 cum
1827 956 2152 1041 quadrato
2198 955 2331 1024 ΕΗ
2371 958 2649 1041 aequale
2698 964 2813 1023 est.
2907 957 3037 1026 Sed

576 1078 966 1162 quadratum
1013 1075 1136 1141 ΘΖ
1173 1059 1565 1163 quadratum
1613 1085 1714 1143 est
1755 1077 1970 1144 lineae
2003 1074 2143 1144 ΘΒ.
2236 1078 2403 1161 Ergo
2450 1079 2733 1162 spatium
2782 1079 3041 1144 duabus

575 1200 871 1282 partibus
915 1197 1072 1276 AD,
1119 1196 1258 1264 DB
1301 1199 1850 1281 comprehensum
1899 1217 2033 1262 una
2088 1217 2239 1263 cum
2285 1198 2609 1282 quadrato
2652 1198 2867 1264 lineae
2908 1197 3039 1264 ΘΙ)

574 1321 746 1386 inter
801 1321 967 1384 duas
1023 1320 1356 1384 sectiones
1413 1320 1670 1402 positae
1726 1320 2051 1402 quadrato
2111 1319 2327 1384 lineae
2385 1316 2508 1381 ΘΒ
2574 1319 2857 1402 aequale
2920 1326 3036 1384 est.

575 1440 651 1520 Q.
699 1459 764 1505 n.
813 1458 868 1504 e.
918 1439 978 1504 d.

748 1558 1427 1643 Exemplificatio
1477 1578 1614 1642 per
1659 1561 2125 1639 numer03.*)
2215 1557 2663 1642 Supponimus
2706 1559 2834 1623 AB
2880 1578 3031 1626 esse

581 1685 680 1763 10,
725 1687 1070 1764 utramque
1117 1687 1370 1762 partem
1414 1679 1555 1761 ΑΘ,
1602 1679 1726 1744 ΘΒ
1772 1685 1830 1759 5,
1877 1687 2131 1763 partem
2176 1679 2311 1744 AD
2359 1685 2416 1760 7,
2463 1680 2555 1744 ita
2602 1687 2670 1746 ut
2713 1679 3040 1764 relinqua-

576 1809 680 1868 tur
725 1799 862 1866 DB
911 1833 984 1852 -ε
1036 1804 1094 1880 3,
1142 1808 1208 1866 et
1249 1798 1384 1864 ΘΒ
1431 1804 1470 1864 2
1515 1799 1646 1866 fiat.
1742 1799 2163 1866 Manil'estum
2207 1807 2326 1880 est,
2388 1807 2641 1882 partem
2687 1799 2810 1864 ΘΒ
2854 1801 2921 1865 in
2968 1818 3041 1864 se

577 1921 1072 2005 multiplicatam
1109 1939 1260 1986 esse
1293 1923 1394 1986 25.
1466 1920 1658 2001 Quod
1703 1921 1983 2005 aequale
2030 1931 2131 1987 est
2178 1939 2495 2000 summae,
2544 1938 2716 2003 quae
2764 1919 3042 1985 efficitur

576 2049 763 2125 parte
809 2039 944 2106 AD
990 2042 1058 2105 in
1106 2039 1241 2105 DB
1287 2040 1736 2123 multiplicata,
1807 2043 1936 2106 hoc
1983 2049 2086 2107 est
2130 2045 2232 2122 21,
2295 2049 2361 2106 et
2414 2040 2629 2106 lineae
2675 2039 2807 2103 ΘΙ)
2854 2041 2921 2104 in
2966 2059 3040 2105 se

579 2161 1067 2244 multiplicatae,
1114 2161 1244 2226 hoc
1292 2167 1393 2226 est
1435 2165 1495 2240 4,
1531 2181 1822 2246 ,quorum
1868 2181 2129 2226 summa
2174 2167 2275 2228 25.
2367 2161 2441 2242 Q.
2491 2181 2553 2226 n.
2604 2179 2658 2226 e.
2712 2161 2770 2225 d.

749 2280 887 2347 lam
932 2284 989 2346 si
1055 2283 1382 2348 ratione
1451 2281 1796 2347 Hei-onis
1861 2284 1973 2348 uia
2034 2282 2365 2367 analytica
2416 2282 2591 2347 hanc
2644 2281 3039 2364 propositio-

579 2420 730 2467 nem
777 2403 1234 2470 demonstrare
1278 2403 1700 2482 uoluerimuS,
1748 2403 2061 2486 quoniam
2109 2403 2507 2486 quaerimuS,
2555 2403 2723 2468 sitne
2756 2403 3039 2484 spatium

578 2523 834 2589 duabus
888 2523 1187 2607 partibus
1244 2520 1401 2603 AD,
1473 2521 1608 2588 DB
1676 2523 2230 2605 comprehensum
2295 2543 2429 2588 una
2495 2543 2647 2589 cum
2715 2524 3039 2607 quadrato

579 2642 794 2709 lineae
837 2641 969 2708 ΘΙ)
1016 2644 1341 2728 quadrato
1406 2642 1624 2709 lineae
1669 2641 1792 2707 ΘΒ
1839 2643 2138 2727 aequale,
2196 2644 2362 2709 duas
2427 2643 2637 2708 lineas
2682 2663 3039 2722 sumamuS,

578 2783 855 2847 quarum
900 2763 1107 2830 altera
1129 2763 1266 2828 AD
1299 2765 1366 2828 in
1412 2762 1740 2847 punctoG
1787 2764 2001 2830 diuisa
2047 2769 2165 2844 est,
2212 2764 2419 2829 altera
2442 2762 2581 2828 DB
2624 2783 2761 2829 non
2806 2763 3039 2830 diuisa.

581 2883 672 2948 Ex
719 2882 793 2965 ll,
845 2888 875 2947 1
926 2885 1210 2967 spatium
1259 2883 1515 2950 duabus
1559 2885 1750 2950 lineis
1779 2883 1934 2966 AD,
1984 2883 2122 2948 DB
2168 2884 2716 2966 comprehensum
2765 2883 3041 2968 aequale

581 3011 678 3069 est
733 3024 1033 3071 summae
1087 3006 1366 3071 duorum
1421 3007 1784 3089 spatiorum
1837 3006 2014 3071 linea
2082 3002 2218 3069 BD
2286 3012 2351 3071 et
2416 3006 2675 3071 duabus
2741 3005 3039 3087 partibus

579 3125 720 3205 ΑΘ,
766 3124 899 3189 ΘΙ)
945 3126 1593 3209 comprehensorum.
1685 3126 2014 3207 Quoniam
2069 3124 2191 3192 AG
2240 3158 2313 3175 m
2363 3123 2505 3207 ΘΒ,
2563 3144 2821 3191 summa
2879 3126 3041 3191 duo-

580 3266 722 3311 rum
768 3247 1162 3329 spatiorum,
1233 3265 1404 3331 quae
1451 3246 1708 3311 duabus
1765 3247 1955 3312 lineis
2001 3246 2142 3326 ΘΒ,
2212 3243 2348 3309 BD
2396 3253 2462 3312 et
2526 3246 2784 3312 duabus
2848 3222 3041 3311 lineis

579 3365 729 3447 ΘΙ),
778 3365 915 3431 Ι)Β
960 3368 1626 3450 comprehenduntur,
1681 3370 1896 3449 spatio
1945 3367 2205 3432 duabus
2249 3367 2437 3432 lineis
2482 3366 2637 3446 AD,
2686 3364 2822 3431 DB
2867 3385 3039 3431 com-

581 3489 907 3570 prehenso
955 3487 1251 3573 aequalis
1296 3487 1438 3553 erit.
1527 3488 1760 3553 Restat
1825 3488 2219 3571 quadratum
2285 3485 2437 3567 ΘΙ),
2506 3506 2637 3571 quo
2706 3488 3042 3553 communi

579 3617 840 3691 sumpto
887 3628 1144 3674 summa
1191 3608 1469 3673 duorum
1515 3608 1878 3690 spatiorum
1924 3608 2115 3672 lineis
2160 3606 2300 3688 ΘΒ,
2356 3606 2494 3671 BD
2542 3614 2605 3673 et
2651 3607 2843 3673 lineis
2889 3606 3040 3688 GD,

580 3728 717 3793 DB
787 3729 1418 3812 comprehensorum
1484 3747 1618 3793 una
1686 3747 1838 3793 cum
1905 3729 2231 3811 quadrato
2298 3726 2429 3792 ΘΙ)
2498 3728 2715 3810 spatio
2785 3728 3042 3793 duabus

582 3849 773 3915 lineis
817 3850 973 3932 AD,
1034 3848 1173 3915 DB
1232 3850 1716 3931 comprehenso
1774 3866 1906 3914 una
1964 3867 2118 3915 cum
2175 3849 2499 3932 quadrato
2555 3846 2687 3911 ΘΙ)
2744 3847 3042 3931 aequalis

585 3978 702 4036 est.
795 3970 1034 4036 Uerum
1079 3970 1365 4053 spatium
1413 3969 1668 4034 duabus
1714 3968 1905 4033 lineis
1929 3967 2081 4048 ΘΙ),
2129 3966 2267 4032 DB
2312 3969 2864 4050 comprehensum
2908 3988 3041 4034 una

585 4111 734 4157 cum
804 4092 1129 4174 quadrato
1175 4088 1308 4155 ΘΒ
1365 4108 1446 4155 ex
1515 4087 1590 4169 ΙΙ,
1661 4092 1698 4153 3
1766 4089 2047 4172 aequale
2102 4094 2202 4154 est
2258 4091 2475 4171 spatio
2538 4089 2797 4153 duabus
2853 4088 3042 4153 lineis

585 4209 726 4293 ΒΘ,
773 4209 905 4275 ΘΙ)
953 4212 1475 4295 comprehenso;
1533 4227 1739 4293 quare
1797 4228 2057 4275 summa
2103 4210 2381 4275 duorum
2428 4210 2811 4291 spatiorum,
2882 4228 3041 4293 quo-

582 4350 728 4396 rum
774 4330 1050 4397 alterum
1099 4331 1356 4398 duabus
1400 4329 1591 4395 lineis
1638 4328 1780 4412 ΒΘ,
1827 4328 1978 4410 ΘΙ),
2028 4330 2307 4395 alterurn
2354 4330 2614 4396 duabus
2658 4329 2848 4393 lineis
2900 4328 3039 4409 ΘΒ,

588 4448 718 4515 BD
785 4452 1398 4534 comprehenditur,
1475 4451 1774 4536 aequalis
1851 4458 1954 4515 est
2020 4452 2235 4532 spatio
2304 4451 2563 4515 duabus
2628 4450 2818 4514 lineis
2886 4449 3041 4531 AD,

684 4706 737 4773 ²⁸¹)
776 4706 887 4763 Cfr.
923 4707 1114 4765 Schol.
1151 4708 1202 4763 11
1237 4726 1317 4763 nr.
1355 4708 1437 4763 35.

711 4813 749 4884 ¹)
787 4811 970 4881 Supra
1007 4811 1300 4881 scriptum:
1337 4797 1518 4923 goti>
