3957 6007
1623 568 2047 631 „49—

603 788 796 854 EHZ
836 793 1074 872 angulo
1135 790 1430 864 interiori
1463 789 1657 854 EGB
1702 788 1999 872 aequalis
2046 791 2183 866 erit,
2245 796 2311 853 et
2357 807 2507 853 cum
2556 788 2831 870 angulus
2876 787 3071 852 EGB

604 918 824 976 rectus
893 913 994 990 sit,
1071 919 1291 977 rectus
1359 911 1481 976 erit
1547 910 1821 992 angulus
1867 907 2073 974 ΕΗΖ.
2150 910 2762 975 Demonstrauimus
2829 917 3069 992 autem,

603 1033 908 1114 angulum
954 1030 1148 1098 ΗΕΖ
1187 1031 1524 1097 dimidium
1595 1031 1756 1097 recti
1826 1049 2007 1109 esse3
2093 1049 2299 1113 quare
2366 1049 2445 1094 ex
2493 1029 2539 1108 1,
2607 1033 2687 1094 29
2760 1027 2908 1116 [scr.
2959 1029 3067 1118 32]

603 1155 988 1237 relinquitur
1009 1166 1093 1226 A
1115 1151 1308 1218 ΕΖΗ
1328 1153 1632 1218 dimidius
1660 1153 1850 1227 recti;
1887 1153 2110 1235 itaque
2135 1163 2218 1223 A
2242 1149 2443 1215 ΗΕΖ
2458 1181 2531 1200 -=
2560 1162 2643 1222 A
2669 1149 2871 1232 ΕΖΗ,
2901 1159 2965 1217 et
2990 1171 3071 1218 ex

604 1275 648 1354 1,
676 1277 756 1338 32
790 1271 940 1359 [scr.
969 1272 1034 1361 6]
1061 1275 1230 1339 latus
1255 1272 1388 1337 ΕΗ
1407 1273 1682 1357 aequale
1720 1279 1821 1336 est
1854 1272 2043 1337 lateri
2068 1268 2210 1335 HZ.
2268 1270 2518 1336 Rursus
2551 1273 2865 1354 quoniam
2896 1273 3071 1339 linea

602 1393 728 1458 AB
759 1395 824 1458 in
872 1394 1036 1461 duas
1080 1396 1290 1460 lineas
1321 1392 1462 1476 EG,
1495 1392 1624 1457 ZD
1655 1394 1826 1457 inter
1870 1411 1942 1458 se
1989 1391 2335 1475 parallelas
2382 1391 2629 1470 incidit,
2676 1409 2757 1456 ex
2796 1392 3069 1459 demon·

602 1516 920 1580 stratione
966 1515 1391 1599 praecedenti
1423 1515 1699 1597 angulus
1746 1514 2030 1580 exterior
2060 1509 2269 1575 BDZ
2288 1511 2527 1592 angulo
2560 1512 2855 1577 interiori
2884 1513 3077 1579 BGE'

603 1635 899 1719 aequalis
931 1639 1072 1700 erit.
1139 1636 1270 1703 Sed
1295 1648 1379 1710 A
1402 1633 1594 1700 BGE
1609 1641 1830 1701 rectus

604 1763 732 1833 est;
779 1757 1003 1840 itaque
1037 1756 1236 1822 etiam
1259 1769 1344 1830 A
1370 1753 1570 1820 BDZ
1586 1763 1826 1822 rectus,

603 1876 739 1941 Iam
777 1883 998 1942 autem
1044 1877 1664 1957 demonstrauimuS,
1712 1896 1830 1942 an-

602 1996 820 2078 gulum
852 1993 1042 2061 GBE
1068 1997 1407 2062 dimidium
1438 1997 1604 2064 recti
1644 2015 1828 2077 esse;

602 2117 822 2201 itaque
891 2137 972 2182 ex
1037 2118 1082 2199 1,
1152 2123 1232 2182 32
1297 2118 1681 2202 relinquitur
1747 2130 1832 2190 A

601 2235 796 2301 DZB
832 2238 1137 2303 dimidius
1182 2240 1368 2318 recti,
1438 2247 1503 2304 et
1548 2258 1629 2304 ex
1673 2238 1720 2318 Ι,
1791 2245 1828 2302 6

604 2358 776 2424 latus
807 2357 946 2422 DB
989 2358 1268 2442 aequale
1316 2366 1416 2424 est
1458 2358 1649 2425 lateri
1680 2357 1828 2423 DZ.
1948 2399 2025 2453 ψ
2060 2381 2111 2438 Β
2207 2385 2253 2435 0
2278 2393 2336 2443 D
2465 2376 2523 2425 ³.-
2559 2370 2603 2414 Γ
2908 2363 2987 2439 Αἱ

600 2478 737 2543 Iam
771 2481 1086 2562 quoniam
1119 2479 1683 2562 perpendicularis
1709 2477 1836 2542 GE

598 2598 812 2665 lineae
879 2599 1000 2664 AG
1060 2599 1357 2683 aequalis
1435 2599 1634 2666 ducta
1711 2607 1828 2680 est,
1907 2617 2166 2664 summa
2241 2598 2518 2663 duorum
2594 2597 3062 2681 quadratorum

601 2718 876 2785 duarum
920 2720 1242 2785 linearum
1265 2719 1406 2798 GE,
1437 2718 1556 2784 AG
1587 2719 1883 2804 aequalis
1916 2721 2037 2785 erit
2070 2719 2266 2801 duplo
2314 2718 2639 2802 quadrato
2684 2717 2900 2783 lineae
2924 2715 3063 2784 AG.

600 2838 730 2906 Sed
779 2837 886 2926 [ex
932 2839 979 2917 1,
1023 2839 1131 2928 46]
1151 2843 1198 2920 ¹)
1243 2860 1501 2906 summa
1551 2840 1827 2908 duorum
1874 2840 2347 2924 quadratorum
2392 2836 2531 2919 GE,
2579 2836 2699 2902 AG
2767 2838 3066 2922 aequalis

601 2968 700 3026 est
755 2961 1078 3045 quadrato
1136 2961 1351 3027 lineae
1382 2959 1525 3043 AE,
1574 2962 1887 3045 quoniam
1934 2973 2020 3034 A
2048 2958 2241 3026 AGE
2275 2965 2498 3026 rectus
2555 2965 2673 3025 est.
2767 2958 3065 3041 Quadra-

597 3088 735 3145 tum
800 3082 996 3163 igitur
1060 3082 1274 3148 lineae
1319 3082 1452 3147 ΑΕ
1489 3083 1685 3165 duplo
1753 3082 2079 3166 quadrato
2146 3080 2361 3146 lineae
2406 3078 2528 3144 AG
2575 3081 2855 3164 aequale
2923 3082 3063 3147 erit.

599 3201 849 3266 Rursus
895 3208 1114 3267 autem
1162 3201 1778 3284 demonstrauimuS‚
1825 3202 1998 3269 latus
2024 3200 2162 3265 ΗΕ
2184 3200 2461 3284 aequale
2509 3220 2657 3267 esse
2700 3202 2890 3266 lateri
2922 3200 3063 3267 HZ.

598 3320 825 3405 Itaque
883 3342 1142 3387 summa
1201 3322 1476 3395 duorum
1548 3323 2017 3407 quadratorum
2078 3321 2357 3387 duorum
2412 3323 2690 3388 laterum
2734 3320 2883 3404 ΗΕ,
2940 3320 3078 3387 ΗΖ

598 3442 894 3525 aequalis
952 3444 1074 3508 erit
1130 3443 1324 3526 duplo
1386 3444 1710 3526 quadrato
1765 3444 1989 3509 lateris
2035 3440 2177 3509 HZ.
2269 3442 2345 3507 Et
2402 3444 2717 3525 quoniam
2762 3455 2845 3515 A
2880 3440 3075 3507 ΕΗΖ

596 3570 816 3627 rectus
863 3564 1004 3643 erit,
1053 3582 1134 3627 ex
1180 3564 1224 3643 1,
1271 3567 1352 3628 46
1401 3584 1658 3629 summa
1719 3563 1998 3629 duorum
2044 3562 2517 3646 quadratorum
2578 3562 2856 3627 duorum
2901 3563 3063 3627 late-

595 3702 737 3747 rum
770 3682 920 3761 ΗΕ,
971 3681 1100 3746 ΗΖ
1137 3684 1432 3767 aequalis
1481 3686 1603 3749 erit
1647 3685 1969 3768 quadrato
2030 3683 2247 3748 lineae
2278 3680 2413 3748 ΕΖ.
2507 3682 2735 3767 Itaque
2782 3683 3065 3766 quadra—

597 3809 732 3867 tum
779 3802 994 3869 lineae
1025 3801 1152 3868 ΕΖ
1175 3804 1370 3887 duplo
1419 3804 1741 3888 quadrato
1787 3806 2005 3869 lineae
2034 3802 2167 3868 ZH
2192 3804 2471 3886 aequale
2518 3804 2657 3868 erit.
2736 3802 3064 3884 Quoniam

599 3929 820 3987 autem
874 3924 1045 3989 latus
1088 3922 1226 3988 HZ
1269 3944 1352 3991 ex
1412 3926 1458 4006 1,
1517 3929 1601 3990 34
1655 3926 1932 4009 aequale
1991 3932 2087 3990 est
2146 3923 2335 3988 lateri
2365 3922 2517 4001 GD,
2566 3925 2720 4007 quia
2780 3925 3063 4007 spatium

597 4040 737 4106 HD
769 4044 1448 4126 parallelogrammum
1495 4054 1612 4127 est,
1661 4045 2052 4129 quadratum
2097 4043 2313 4109 lineae
2346 4042 2475 4107 ΕΖ
2495 4044 2693 4125 duplo
2741 4045 3063 4128 quadrato

595 4162 810 4229 lineae
840 4162 973 4228 ΘΙ)
1005 4165 1282 4248 aequale
1315 4168 1453 4231 erit.
1517 4166 2127 4231 Demonstrauimus
2160 4164 2372 4245 igitur,
2421 4164 2815 4246 quadratum
2846 4164 3061 4231 lineae

595 4281 720 4346 EZ
759 4283 956 4367 duplo
1003 4285 1326 4368 quadrato
1373 4286 1586 4351 lineae
1617 4284 1748 4350 GD
1795 4285 2073 4369 aequale
2120 4303 2288 4365 esse,
2335 4284 2623 4367 itemque
2671 4285 3063 4368 quadratum

595 4404 809 4470 lineae
839 4404 972 4469 ΑΕ
995 4405 1270 4489 aequale
1318 4425 1464 4471 esse
1512 4407 1708 4489 duplo
1756 4408 2079 4490 quadrato
2124 4405 2339 4470 lineae
2372 4403 2520 4485 AG3
2569 4424 2826 4471 summa
2872 4407 3064 4489 igitur

597 4525 873 4591 duorum
906 4527 1374 4609 quadratorum
1407 4527 1682 4593 duarum
1726 4528 2045 4593 linearum
2077 4526 2219 4605 ΑΕ,
2254 4524 2377 4589 ΕΖ
2401 4526 2695 4608 aequalis
2742 4534 2843 4592 est
2887 4547 3061 4592 sum-

724 4784 762 4849 ι)
801 4784 1030 4837 Numeri
1069 4784 1127 4837 in
1165 4784 1360 4839 codice
1400 4784 1598 4838 omissi
1640 4790 1786 4839 sunt.
